@comment{x-kbibtex-personnameformatting=<%l><, %f>}

@INPROCEEDINGS{SteinHGS:2006, 
author={D. Steinemann and M. Harders and M. Gross and G. Szekely}, 
booktitle={IEEE Virtual Reality Conference (VR 2006)}, 
title={Hybrid Cutting of Deformable Solids}, 
year={2006}, 
pages={35-42}, 
keywords={cutting;massspring models;surgical simulation;tetrahedral meshes;Computational modeling;Computer graphics;Cutting tools;Deformable models;Electrodes;Laboratories;Pathology;Solids;Surgery;Virtual reality;cutting;massspring models;surgical simulation;tetrahedral meshes}, 
doi={10.1109/VR.2006.74}, 
ISSN={1087-8270}, 
month={March},}

@article{pardiso-6.0a,
  title={An augmented incomplete factorization approach for computing the Schur complement in stochastic optimization},
  author={Petra, Cosmin G. and Schenk, Olaf and Lubin, Miles and G{\"a}rtner, Klaus},
  journal={SIAM Journal on Scientific Computing},
  volume={36},
  number={2},
  pages={C139--C162},
  year={2014},
  publisher={Society for Industrial and Applied Mathematics}

}

@article{pardiso-6.0b,
  title={Real-time stochastic optimization of complex energy systems on high-performance computers},
  author={Petra, Cosmin G. and Schenk, Olaf and Anitescu, Mihai},
  journal={IEEE Computing in Science \& Engineering},
  volume={16},
  number={5},
  pages={32--42},
  year={2014},
  publisher={AIP Publishing}
}


@inproceedings{TeschHMPG:2003,
	author = "Teschner, Matthias and Heidelberger, Bruno and M{\"u}ller, Matthias and Pomerantes, Danat and Gross, Markus",
	bibsource = "DBLP, http://dblp.uni-trier.de",
	booktitle = "{VMV}",
	crossref = "DBLP:conf/vmv/2003",
	old_key = "Teschner:2003:SpatialHashing",
	owner = "nathan",
	pages = "47--54",
	timestamp = "2016.08.09",
	title = "{Optimized Spatial Hashing for Collision Detection of Deformable Objects}",
	year = "2003"
}

@misc{SUSAC:2002--2014,
	__markedentry = "[nathan:6]",
	author = "{Simbionix USA Corporation}",
	howpublished = "\url{http://simbionix.com/simulators/lap-mentor}",
	old_key = "simbionix:2014:lapmentor",
	owner = "nathan",
	timestamp = "2016.10.31",
	title = "{Laparoscopic Simulator - LAP Mentor Simbionix}",
	year = "2002--2014"
}

@misc{SUSAC:2002--2014b,
	__markedentry = "[nathan:6]",
	author = "{Simbionix USA Corporation}",
	howpublished = "\url{http://simbionix.com/simulators/gi-bronch-gi-mentor}",
	old_key = "simbionix:2014:gimentor",
	owner = "nathan",
	timestamp = "2016.10.31",
	title = "{Gastrointestinal Simulator - GI Mentor Simbionix}",
	year = "2002--2014"
}

@inproceedings{BroC:1996,
	__markedentry = "[nathan:6]",
	author = "Bro-nielsen, Morten and Cotin, Stephane",
	booktitle = "{Computer Graphics Forum}",
	old_key = "bro-nielsen:1996:realtime",
	owner = "nathan",
	pages = "57--66",
	timestamp = "2016.10.31",
	title = "{Real-time Volumetric Deformable Models for Surgery Simulation using Finite Elements and Condensation}",
	year = "1996"
}

@article{AanjaPF:2013,
	__markedentry = "[nathan:]",
	author = "Aanjaneya, Mridul and Patkar, Saket and Fedkiw, Ronald",
	journal = "J. Comput. Phys.",
	old_key = "aanjaneya:2013:bubbles",
	owner = "nathan",
	pages = "17--61",
	timestamp = "2016.10.31",
	title = "{A Monolithic Mass Tracking Formulation for Bubbles in Incompressible Flow}",
	volume = "247",
	year = "2013"
}

@article{AdalsS:1999,
	author = "Adalsteinsson, D and Sethian, J.A",
	journal = "Journal of Computational Physics",
	number = "1",
	old_key = "Adalsteinsson:1999:FCEVLS",
	owner = "nathan",
	pages = "2--22",
	timestamp = "2016.08.09",
	title = "{The Fast Construction of Extension Velocities in Level Set Methods}",
	volume = "148",
	year = "1999"
}

@article{AdalsS:1994,
	author = "Adalsteinsson, David and Sethian, James A.",
	journal = "JCP",
	old_key = "Adalsteinsson94afast",
	owner = "nathan",
	pages = "269--277",
	timestamp = "2016.08.09",
	title = "{A Fast Level Set Method for Propagating Interfaces}",
	volume = "118",
	year = "1994"
}

@inproceedings{AdamsPKG:2007,
	__markedentry = "[nathan:]",
	acmid = "1276437",
	address = "New York, NY, USA",
	articleno = "48",
	author = "Adams, Bart and Pauly, Mark and Keiser, Richard and Guibas, Leonidas J.",
	booktitle = "{ACM SIGGRAPH 2007 Papers}",
	doi = "10.1145/1275808.1276437",
	location = "San Diego, California",
	old_key = "Adams:2007:AdaptiveParticleFluids",
	owner = "nathan",
	publisher = "ACM",
	series = "{SIGGRAPH '07}",
	timestamp = "2016.10.31",
	title = "{Adaptively Sampled Particle Fluids}",
	url = "http://doi.acm.org/10.1145/1275808.1276437",
	year = "2007"
}

@misc{AftosBM:2004,
	author = "Aftosmis, M. J. and Berger, M. J. and Murman, S. M.",
	howpublished = "42nd Aerospace Sciences Meeting and Exhibit",
	old_key = "Aftosmis:2004:Space-Filling",
	owner = "nathan",
	timestamp = "2016.08.09",
	title = "{Applications of Space-Filling Curves to Cartesian Methods for {CFD}}",
	year = "2004"
}

@misc{AftosBM:2004b,
	__markedentry = "[nathan:]",
	author = "Aftosmis, M. J. and Berger, M. J. and Murman, S. M.",
	howpublished = "42nd Aerospace Sciences Meeting and Exhibit",
	old_key = "Aftosmis:2004:Space-Filling",
	owner = "nathan",
	timestamp = "2016.10.31",
	title = "{Applications of Space-Filling Curves to Cartesian Methods for {CFD}}",
	year = "2004"
}

@article{Ali-HLGKFPC:2013,
	acmid = "2508415",
	articleno = "188",
	author = "Ali-Hamadi, Dicko and Liu, Tiantian and Gilles, Benjamin and Kavan, Ladislav and Faure, Fran\c{c}ois and Palombi, Olivier and Cani, Marie-Paule",
	doi = "10.1145/2508363.2508415",
	issn = "0730-0301",
	issue_date = "November 2013",
	journal = "ACM Trans. Graph.",
	keywords = "character modeling",
	month = nov,
	number = "6",
	numpages = "8",
	old_key = "ali-hamadi:2013:anatomy",
	owner = "nathan",
	pages = "188:1--188:8",
	publisher = "ACM",
	timestamp = "2016.08.09",
	title = "{Anatomy Transfer}",
	volume = "32",
	year = "2013"
}

@inproceedings{AllarCFBPDDGo:2007,
	__markedentry = "[nathan:6]",
	author = "Allard, J{\'e}r{\'e}mie and Cotin, St{\'e}phane and Faure, Fran\c{c}ois and Bensoussan, Pierre-Jean and Poyer, Fran\c{c}ois and Duriez, Christian and Delingette, Herv{\'e} and Grisoni, Laurent and others",
	booktitle = "{MMVR 15}",
	old_key = "allard:2007:sofa",
	owner = "nathan",
	publisher = "IOS Press",
	timestamp = "2016.10.31",
	title = "{SOFA - an Open Source Framework for Medical Simulation}",
	year = "2007"
}

@article{AlmgrBCM:1997,
	author = "Almgren, A.S. and Bell, J.B. and Colella, P. and Marthaler, T.",
	journal = "SIAM Journal on Scientific Computing",
	number = "5",
	old_key = "almgren:1997:cartesian",
	pages = "1289--1309",
	publisher = "Philadelphia, PA: SIAM, c1993-",
	title = "{A {C}artesian grid projection method for the incompressible {E}uler equations in complex geometries}",
	volume = "18",
	year = "1997"
}

@inproceedings{AmentKWS:2010,
	author = "Ament, Marco and Knittel, G{\"u}nter and Weiskopf, Daniel and Stra{\ss}er, Wolfgang",
	booktitle = "{Proceedings of the 18th Euromicro Conference on Parallel, Distributed and Network-based Processing}",
	old_key = "DBLP:conf/pdp/AmentKWS10",
	owner = "nathan",
	pages = "583--592",
	timestamp = "2016.08.09",
	title = "{A Parallel Preconditioned Conjugate Gradient Solver for the Poisson Problem on a Multi-GPU Platform}",
	year = "2010"
}

@article{AndoTW:2013,
	__markedentry = "[nathan:]",
	acmid = "2461982",
	address = "New York, NY, USA",
	articleno = "103",
	author = "Ando, Ryoichi and Th{\"u}rey, Nils and Wojtan, Chris",
	doi = "10.1145/2461912.2461982",
	issn = "0730-0301",
	issue_date = "July 2013",
	journal = "ACM Trans. Graph.",
	keywords = "adaptivity; fluid simulation; tetrahedral discretization",
	month = jul,
	number = "4",
	numpages = "10",
	old_key = "Ando:2013:AdaptiveLiuqidTetrahedral",
	owner = "nathan",
	pages = "103:1--103:10",
	publisher = "ACM",
	timestamp = "2016.10.31",
	title = "{Highly Adaptive Liquid Simulations on Tetrahedral Meshes}",
	url = "http://doi.acm.org/10.1145/2461912.2461982",
	volume = "32",
	year = "2013"
}

@article{AndoTW:2015,
	__markedentry = "[nathan:]",
	author = "Ando, Ryoichi and Th{\"u}rey, Nils and Wojtan, Chris",
	journal = "EUROGRAPHICS 2015",
	old_key = "ando2015eg",
	owner = "nathan",
	timestamp = "2016.10.31",
	title = "{A Dimension-reduced Pressure Solver for Liquid Simulations}",
	year = "2015"
}

@article{AndoTW:2015b,
	__markedentry = "[nathan:]",
	author = "Ando, Ryoichi and Thuerey, Nils and Wojtan, Chris",
	journal = "ACM Trans. Graph.",
	number = "4",
	old_key = "Ando:2015:SFS",
	owner = "nathan",
	pages = "53:1--53:9",
	timestamp = "2016.10.31",
	title = "{A Stream Function Solver for Liquid Simulations}",
	volume = "34",
	year = "2015"
}

@article{AngstTBG:2008,
	__markedentry = "[nathan:]",
	author = "Angst, Roland and Thuerey, Nils and Botsch, Mario and Gross, Markus",
	doi = "10.1111/j.1467-8659.2008.01337.x",
	issn = "1467-8659",
	journal = "Computer Graphics Forum",
	keywords = "I.3.7 [Computer Graphics]: Three-Dimensional Graphics and Realism; Animation; I.6.8 [Types of Simulation]: Gaming",
	number = "7",
	old_key = "Angst:2008:RobustEfficientWave",
	owner = "nathan",
	pages = "1895--1900",
	publisher = "Blackwell Publishing Ltd",
	timestamp = "2016.10.31",
	title = "{Robust and Efficient Wave Simulations on Deforming Meshes}",
	url = "http://dx.doi.org/10.1111/j.1467-8659.2008.01337.x",
	volume = "27",
	year = "2008"
}

@misc{ASF:2008--2014,
	__markedentry = "[nathan:6]",
	author = "{Apache Software Foundation}",
	howpublished = "\url{http://thrift.apache.org/}",
	old_key = "apache:2014:thrift",
	owner = "nathan",
	timestamp = "2016.10.31",
	title = "{Apache Thrift}",
	year = "2014"
}

@misc{ASF:2008--2014b,
	author = "{Apache Software Foundation}",
	howpublished = "\url{http://thrift.apache.org/}",
	old_key = "apache:2014:thrift",
	owner = "nathan",
	timestamp = "2016.08.09",
	title = "{Apache Thrift}",
	year = "2014"
}

@misc{ASF:2008--2014c,
	author = "{Apache Software Foundation}",
	howpublished = "\url{http://thrift.apache.org/}",
	old_key = "ASF2008--2014",
	owner = "nathan",
	timestamp = "2016.08.09",
	title = "{Apache Thrift}",
	year = "2014"
}

@article{Arnol:1990,
	author = "Arnold, Douglas N.",
	coden = "CMMECC",
	file = "mixed.pdf:http\://umn.edu/~arnold/papers/mixed.pdf:PDF",
	fjournal = "Computer Methods in Applied Mechanics and Engineering",
	issn = "0045-7825",
	journal = "Computer Methods in Applied Mechanics and Engineering",
	keywords = "mixed method; finite element; variational principle",
	mrclass = "65N30 (73V05 76M10)",
	mrnumber = "MR1077658 (91h:65168)",
	number = "1-3",
	old_key = "arnold:1990:mixed",
	owner = "nathan",
	pages = "281--300",
	subjclass = "65N30, 73C35, 73K25",
	timestamp = "2016.10.31",
	title = "{Mixed finite element methods for elliptic problems}",
	volume = "82",
	year = "1990"
}

@inproceedings{BaileBAW:2015,
	__markedentry = "[nathan:]",
	author = "Bailey, Dan and Biddle, Harry and Avramoussis, Nick and Warner, Matthew",
	booktitle = "{ACM SIGGRAPH 2015 Talks}",
	old_key = "Bailey:2015:DLU",
	owner = "nathan",
	series = "{SIGGRAPH '15}",
	timestamp = "2016.10.31",
	title = "{Distributing Liquids Using {OpenVDB}}",
	year = "2015"
}

@book{Baker:2014,
	__markedentry = "[nathan:6]",
	author = "Baker, Shan R.",
	old_key = "Baker:2007:localflaps",
	owner = "nathan",
	publisher = "Saunders",
	timestamp = "2016.10.31",
	title = "{Local Flaps in Facial Reconstruction (3rd ed.)}",
	year = "2014"
}

@article{BarafWK:2003,
	__markedentry = "[nathan:]",
	author = "Baraff, David and Witkin, Andrew and Kass, Michael",
	journal = "ACM Trans. Graph.",
	number = "3",
	old_key = "Baraff:2003:UC",
	owner = "nathan",
	pages = "862--870",
	timestamp = "2016.10.31",
	title = "{Untangling Cloth}",
	volume = "22",
	year = "2003"
}

@article{BaranP:2007,
	__markedentry = "[nathan:6]",
	acmid = "1276467",
	articleno = "72",
	author = "Baran, Ilya and Popovi{\'c}, Jovan",
	doi = "10.1145/1276377.1276467",
	issn = "0730-0301",
	issue_date = "July 2007",
	journal = "ACM Trans. Graph.",
	keywords = "animation; deformations; geometric modeling",
	month = jul,
	number = "3",
	old_key = "Baran:2007:ARA:1276377.1276467",
	owner = "nathan",
	publisher = "ACM",
	timestamp = "2016.10.31",
	title = "{Automatic Rigging and Animation of 3D Characters}",
	volume = "26",
	year = "2007"
}

@article{BarbiJ:2005,
	author = "Barbic, J. and James, D.",
	journal = "ACM Trans. Graph. (SIGGRAPH Proc.)",
	number = "3",
	old_key = "barbic:2005:stvenant",
	owner = "nathan",
	pages = "982--990",
	timestamp = "2016.10.31",
	title = "{Real-Time Subspace Integration of {S}t.{V}enant-{K}irchoff Deformable Models}",
	volume = "24",
	year = "2005"
}

@article{BattyBB:2007,
	acmid = "1276502",
	address = "New York, NY, USA",
	articleno = "100",
	author = "Batty, Christopher and Bertails, Florence and Bridson, Robert",
	doi = "10.1145/1276377.1276502",
	issn = "0730-0301",
	issue_date = "July 2007",
	journal = "ACM Transactions on Graphics (SIGGRAPH Proceedings)",
	keywords = "fluid simulation; fluid-solid coupling; physically-based animation",
	month = jul,
	number = "3",
	old_key = "BBB07",
	owner = "nathan",
	publisher = "ACM",
	timestamp = "2016.10.31",
	title = "{A fast variational framework for accurate solid-fluid coupling}",
	url = "http://doi.acm.org/10.1145/1276377.1276502",
	volume = "26",
	year = "2007"
}

@inproceedings{BattyBB:2007b,
	__markedentry = "[nathan:]",
	acmid = "1276502",
	address = "New York, NY, USA",
	articleno = "100",
	author = "Batty, Christopher and Bertails, Florence and Bridson, Robert",
	booktitle = "{ACM SIGGRAPH 2007 Papers}",
	doi = "10.1145/1275808.1276502",
	keywords = "fluid simulation; fluid-solid coupling; physically-based animation",
	location = "San Diego, California",
	old_key = "Batty:2007:VariationalSolidFluid",
	owner = "nathan",
	publisher = "ACM",
	series = "{SIGGRAPH '07}",
	timestamp = "2016.10.31",
	title = "{A Fast Variational Framework for Accurate Solid-fluid Coupling}",
	url = "http://doi.acm.org/10.1145/1275808.1276502",
	year = "2007"
}

@article{BattyXH:2010,
	__markedentry = "[nathan:]",
	author = "Batty, Christopher and Xenos, Stefan and Houston, Ben",
	doi = "10.1111/j.1467-8659.2009.01639.x",
	issn = "1467-8659",
	journal = "Computer Graphics Forum",
	keywords = "I.3.5 [Computer Graphics]: Computational Geometry and Object Modeling---Physically based modeling; I.3.7 [Computer Graphics]: Three-Dimensional Graphics and Realism---Animation",
	number = "2",
	old_key = "Batty:2010:TetrahedralEmbeddedBoundary",
	owner = "nathan",
	pages = "695--704",
	publisher = "Blackwell Publishing Ltd",
	timestamp = "2016.10.31",
	title = "{Tetrahedral Embedded Boundary Methods for Accurate and Flexible Adaptive Fluids}",
	url = "http://dx.doi.org/10.1111/j.1467-8659.2009.01639.x",
	volume = "29",
	year = "2010"
}

@inproceedings{BendeK:2015,
	__markedentry = "[nathan:]",
	author = "Bender, Jan and Koschier, Dan",
	old_key = "Bender:2015:DSP",
	owner = "nathan",
	pages = "147--155",
	series = "{SCA '15}",
	timestamp = "2016.10.31",
	title = "{Divergence-free Smoothed Particle Hydrodynamics}",
	year = "2015"
}

@article{BergeC:1989,
	__markedentry = "[nathan:]",
	author = "Berger, M. and Colella, P.",
	journal = "J. Comput. Phys.",
	old_key = "Berger:1989:AMR",
	owner = "nathan",
	pages = "64--84",
	timestamp = "2016.10.31",
	title = "{Local adaptive mesh refinement for shock hydrodynamics}",
	volume = "82",
	year = "1989"
}

@article{BergeO:1984,
	__markedentry = "[nathan:]",
	author = "Berger, Marsha J and Oliger, Joseph",
	doi = "10.1016/0021-9991(84)90073-1",
	issn = "0021-9991",
	journal = "Journal of Computational Physics",
	number = "3",
	old_key = "Berger:1984:AMR",
	owner = "nathan",
	pages = "484--512",
	timestamp = "2016.10.31",
	title = "{Adaptive mesh refinement for hyperbolic partial differential equations}",
	url = "http://www.sciencedirect.com/science/article/pii/0021999184900731",
	volume = "53",
	year = "1984"
}

@book{BlakeI:2000,
	__markedentry = "[nathan:]",
	author = "Blake, Andrew and Isard, Michael",
	old_key = "blake:2000:activecontours",
	owner = "nathan",
	publisher = "Springer",
	timestamp = "2016.10.31",
	title = "{Active Contours}",
	year = "2000"
}

@inproceedings{BloomF:1995,
	__markedentry = "[nathan:]",
	author = "Bloomenthal, Jules and Ferguson, Keith",
	old_key = "Bloomenthal:1995:PNI",
	owner = "nathan",
	pages = "309--316",
	series = "{SIGGRAPH '95}",
	timestamp = "2016.10.31",
	title = "{Polygonization of Non-manifold Implicit Surfaces}",
	year = "1995"
}

@inproceedings{BolzFGS:2003,
	address = "New York, NY, USA",
	author = "Bolz, J. and Farmer, I. and Grinspun, E. and Schr{\"o}oder, P.",
	booktitle = "{SIGGRAPH '03: ACM SIGGRAPH 2003 Papers}",
	doi = "10.1145/1201775.882364",
	isbn = "1-58113-709-5",
	location = "San Diego, California",
	old_key = "BFGS03",
	owner = "nathan",
	pages = "917--924",
	publisher = "ACM",
	timestamp = "2016.10.31",
	title = "{Sparse matrix solvers on the GPU: conjugate gradients and multigrid}",
	year = "2003"
}

@article{BolzFGS:2003b,
	author = "Bolz, J. and Farmer, I. and Grinspun, E. and Schroder, P.",
	journal = "ACM Trans. Graph. (SIGGRAPH Proc.)",
	number = "3",
	old_key = "Bolz:2003:SMS",
	owner = "nathan",
	pages = "917--924",
	timestamp = "2016.10.31",
	title = "{Sparse Matrix Solvers on the {GPU}: Conjugate Gradients and Multigrid}",
	volume = "22",
	year = "2003"
}

@book{BonetW:1997,
	author = "Bonet, J. and Wood, R.D.",
	old_key = "bonet:1997:nonlinear",
	owner = "nathan",
	publisher = "Cambridge University Press",
	timestamp = "2016.10.31",
	title = "{Nonlinear Continuum Mechanics for Finite Element Analysis}",
	year = "1997"
}

@article{BouazMLKP:2014,
	__markedentry = "[nathan:6]",
	acmid = "2601116",
	address = "New York, NY, USA",
	articleno = "154",
	author = "Bouaziz, Sofien and Martin, Sebastian and Liu, Tiantian and Kavan, Ladislav and Pauly, Mark",
	doi = "10.1145/2601097.2601116",
	issn = "0730-0301",
	issue_date = "July 2014",
	journal = "ACM Trans. Graph.",
	keywords = "continuum mechanics; implicit Euler method; physics-based animation; position based dynamics",
	month = jul,
	number = "4",
	numpages = "11",
	old_key = "Bouaziz:2014:Projective",
	owner = "nathan",
	pages = "154:1--154:11",
	publisher = "ACM",
	timestamp = "2016.10.31",
	title = "{Projective Dynamics: Fusing Constraint Projections for Fast Simulation}",
	volume = "33",
	year = "2014"
}

@article{BrackKZ:1992,
	__markedentry = "[nathan:]",
	author = "Brackbill, J. U. and Kothe, D. B. and Zemach, C.",
	journal = "J. Comput. Phys.",
	old_key = "brackbill:1992:VOF",
	owner = "nathan",
	pages = "335--353",
	timestamp = "2016.10.31",
	title = "{A Continuum method for modelling surface tension}",
	volume = "100",
	year = "1992"
}

@article{Brand:1994,
	author = "Brandt, A.",
	journal = "SIAM Journal on Numerical Analysis",
	old_key = "brandt:1994:analysis",
	owner = "nathan",
	pages = "1695--1695",
	publisher = "SIAM SOCIETY FOR INDUSTRIAL AND APPLIED",
	timestamp = "2016.10.31",
	title = "{Rigorous Quantitative Analysis of Multigrid, I: Constant Coefficients Two-Level Cycle with $L_2$-Norm}",
	volume = "31",
	year = "1994"
}

@article{Brand:1986,
	author = "Brandt, A.",
	journal = "Applied Mathematics and Computation",
	number = "1-4",
	old_key = "brandt:1986:amg",
	owner = "nathan",
	pages = "23--56",
	publisher = "Elsevier Science Inc. New York, NY, USA",
	timestamp = "2016.10.31",
	title = "{Algebraic multigrid theory: The symmetric case}",
	volume = "19",
	year = "1986"
}

@article{Brand:1977,
	author = "Brandt, A.",
	journal = "Mathematics of Computation",
	number = "138",
	old_key = "brandt:1977:multilevel",
	owner = "nathan",
	pages = "333--390",
	timestamp = "2016.10.31",
	title = "{Multi-level adaptive solutions to boundary-value problems}",
	volume = "31",
	year = "1977"
}

@article{BrandD:1978,
	author = "Brandt, A. and Dinar, N.",
	journal = "Numerical methods for partial differential equations",
	old_key = "brandt:1978:multigrid",
	owner = "nathan",
	pages = "53--147",
	publisher = "Academic Press. New York, NY, USA",
	timestamp = "2016.10.31",
	title = "{Multigrid solutions to elliptic flow problems}",
	year = "1978"
}

@book{BrezzF:1991,
	author = "Brezzi, F. and Fortin, M.",
	old_key = "brezzi:1991:mixed",
	owner = "nathan",
	publisher = "Springer-Verlag: New York",
	timestamp = "2016.10.31",
	title = "{Mixed and hybrid finite element methods}",
	year = "1991"
}

@article{BridsFA:2002,
	__markedentry = "[nathan:]",
	author = "Bridson, Robert and Fedkiw, Ronald and Anderson, John",
	journal = "ACM Trans. Graph.",
	number = "3",
	old_key = "Bridson:2002:RTC",
	owner = "nathan",
	pages = "594--603",
	timestamp = "2016.10.31",
	title = "{Robust Treatment of Collisions, Contact and Friction for Cloth Animation}",
	volume = "21",
	year = "2002"
}

@inproceedings{BridsMF:2003,
	__markedentry = "[nathan:]",
	author = "Bridson, R. and Marino, S. and Fedkiw, R.",
	old_key = "Bridson:2003:SCF",
	owner = "nathan",
	pages = "28--36",
	series = "{SCA '03}",
	timestamp = "2016.10.31",
	title = "{Simulation of Clothing with Folds and Wrinkles}",
	year = "2003"
}

@article{BridsTMF:2005,
	__markedentry = "[nathan:]",
	author = "Bridson, Robert and Teran, Joseph and Molino, Neil and Fedkiw, Ronald",
	journal = "Engineering with Computers",
	old_key = "Bridson:2005:APTMGL",
	owner = "nathan",
	pages = "2--18",
	timestamp = "2016.10.31",
	title = "{Adaptive Physics Based Tetrahedral Mesh Generation Using Level Sets}",
	year = "2005"
}

@inproceedings{BrochBB:2010,
	__markedentry = "[nathan:]",
	acmid = "1778784",
	address = "NY, USA",
	articleno = "47",
	author = "Brochu, Tyson and Batty, Christopher and Bridson, Robert",
	booktitle = "{SIGGRAPH '10}",
	doi = "10.1145/1833349.1778784",
	isbn = "978-1-4503-0210-4",
	keywords = "fluid simulation; liquids; meshes; surface tension",
	location = "Los Angeles, California",
	numpages = "9",
	old_key = "Brochu:2010:MatchingFluidSimElements",
	owner = "nathan",
	pages = "47:1--47:9",
	timestamp = "2016.10.31",
	title = "{Matching Fluid Simulation Elements to Surface Geometry and Topology}",
	url = "http://doi.acm.org/10.1145/1833349.1778784",
	year = "2010"
}

@article{BrunGG:2012,
	__markedentry = "[nathan:]",
	acmid = "2110048",
	address = "San Diego, CA, USA",
	author = "Brun, Emmanuel and Guittet, Arthur and Gibou, Fr{\'e}d{\'e}ric",
	doi = "10.1016/j.jcp.2011.12.001",
	issn = "0021-9991",
	issue_date = "March, 2012",
	journal = "J. Comput. Phys.",
	keywords = "Hash tables; Irregular domains; Level-set; Local level-set; Reinitialization",
	month = mar,
	number = "6",
	numpages = "9",
	old_key = "Brun:2012:LevelSetHashTable",
	owner = "nathan",
	pages = "2528--2536",
	publisher = "Academic Press Professional, Inc.",
	timestamp = "2016.10.31",
	title = "{A Local Level-set Method Using a Hash Table Data Structure}",
	url = "http://dx.doi.org/10.1016/j.jcp.2011.12.001",
	volume = "231",
	year = "2012"
}

@article{CaideFA:2001,
	__markedentry = "[nathan:]",
	author = "Caiden, R. and Fedkiw, R. and Anderson, C.",
	journal = "J. Comput. Phys.",
	old_key = "CFA:2001",
	owner = "nathan",
	pages = "1--27",
	timestamp = "2016.10.31",
	title = "{A Numerical Method for Two Phase Flow Consisting of Separate Compressible and Incompressible Regions}",
	volume = "166",
	year = "2001"
}

@inproceedings{CapelBCDP:2005,
	__markedentry = "[nathan:6]",
	acmid = "1073412",
	author = "Capell, Steve and Burkhart, Matthew and Curless, Brian and Duchamp, Tom and Popovi{\'c}, Zoran",
	doi = "10.1145/1073368.1073412",
	isbn = "1-59593-198-8",
	location = "Los Angeles, California",
	numpages = "10",
	old_key = "Capell:2005:PBR:1073368.1073412",
	owner = "nathan",
	pages = "301--310",
	publisher = "ACM",
	series = "{SCA '05}",
	timestamp = "2016.10.31",
	title = "{Physically Based Rigging for Deformable Characters}",
	year = "2005"
}

@inproceedings{CapelGCDP:2002b,
	author = "Capell, S. and Green, S. and Curless, B. and Duchamp, T. and Popovi{\'c}, Z.",
	booktitle = "{ACM SIGGRAPH Symp. on Comput. Anim.}",
	old_key = "capell:2002:multresolution",
	owner = "nathan",
	pages = "41--48",
	publisher = "ACM Press",
	timestamp = "2016.10.31",
	title = "{A Multiresolution Framework for Dynamic Deformations}",
	year = "2002"
}

@article{CapelGCDP:2002,
	__markedentry = "[nathan:6]",
	acmid = "566622",
	author = "Capell, Steve and Green, Seth and Curless, Brian and Duchamp, Tom and Popovi{\'c}, Zoran",
	doi = "10.1145/566654.566622",
	issn = "0730-0301",
	issue_date = "July 2002",
	journal = "ACM Trans. Graph.",
	keywords = "animation; deformation; physically-based animation; physically-based modeling",
	month = jul,
	number = "3",
	numpages = "8",
	old_key = "Capell:2002:ISD:566654.566622",
	owner = "nathan",
	pages = "586--593",
	publisher = "ACM",
	timestamp = "2016.10.31",
	title = "{Interactive Skeleton-driven Dynamic Deformations}",
	volume = "21",
	year = "2002"
}

@inproceedings{CarlsMT:2004,
	address = "New York, NY, USA",
	author = "Carlson, M. and Mucha, P. and Turk, G.",
	booktitle = "{SIGGRAPH '04: ACM SIGGRAPH 2004 Papers}",
	doi = "10.1145/1186562.1015733",
	location = "Los Angeles, California",
	old_key = "CMT04",
	owner = "nathan",
	pages = "377--384",
	publisher = "ACM",
	timestamp = "2016.10.31",
	title = "{Rigid fluid: animating the interplay between rigid bodies and fluid}",
	year = "2004"
}

@article{CavusGT:2006,
	__markedentry = "[nathan:6]",
	author = "Cavusoglu, Murat Cenk and Goktekin, Tolga G and Tendick, Frank",
	journal = "Information Technology in Biomedicine, IEEE Transactions on",
	number = "2",
	old_key = "cavusoglu:2006:gipsi",
	owner = "nathan",
	pages = "312--322",
	publisher = "IEEE",
	timestamp = "2016.10.31",
	title = "{GiPSi: A Framework for Open Source/Open Architecture Software Development for Organ-Level Surgical Simulation}",
	volume = "10",
	year = "2006"
}

@article{ChaoPSS:2010,
	__markedentry = "[nathan:6]",
	acmid = "1778775",
	articleno = "38",
	author = "Chao, Isaac and Pinkall, Ulrich and Sanan, Patrick and Schr{\"o}der, Peter",
	doi = "10.1145/1778765.1778775",
	issn = "0730-0301",
	issue_date = "July 2010",
	journal = "ACM Trans. Graph.",
	keywords = "digital geometry processing; discrete differential geometry; elasticity; geometric modeling; morphing; parameterization; shape space interpolation",
	month = jul,
	number = "4",
	numpages = "6",
	old_key = "Chao:2010:SGM:1778765.1778775",
	owner = "nathan",
	pages = "38:1--38:6",
	publisher = "ACM",
	timestamp = "2016.10.31",
	title = "{A Simple Geometric Model for Elastic Deformations}",
	volume = "29",
	year = "2010"
}

@article{ChenZ:1992,
	__markedentry = "[nathan:6]",
	acmid = "134016",
	author = "Chen, David T. and Zeltzer, David",
	doi = "10.1145/142920.134016",
	issn = "0097-8930",
	issue_date = "July 1992",
	journal = "SIGGRAPH Comput. Graph.",
	keywords = "character animation; finite element method; non-linear dynamics",
	month = jul,
	number = "2",
	numpages = "10",
	old_key = "Chen:1992:biomechanicalmuscle",
	owner = "nathan",
	pages = "89--98",
	publisher = "ACM",
	timestamp = "2016.10.31",
	title = "{Pump It Up: Computer Animation of a Biomechanically Based Model of Muscle Using the Finite Element Method}",
	volume = "26",
	year = "1992"
}

@article{ChenKIW:2015,
	__markedentry = "[nathan:]",
	author = "Chen, Zhili and Kim, Byungmoon and Ito, Daichi and Wang, Huamin",
	journal = "ACM Trans. Graph.",
	number = "6",
	old_key = "Chen:2015:WGP",
	owner = "nathan",
	pages = "200:1--200:11",
	timestamp = "2016.10.31",
	title = "{Wetbrush: GPU-based 3D Painting Simulation at the Bristle Level}",
	volume = "34",
	year = "2015"
}

@article{ChentARCHGSO:2009,
	__markedentry = "[nathan:6]",
	acmid = "1531394",
	articleno = "88",
	author = "Chentanez, Nuttapong and Alterovitz, Ron and Ritchie, Daniel and Cho, Lita and Hauser, Kris K. and Goldberg, Ken and Shewchuk, Jonathan R. and O'Brien, James F.",
	doi = "10.1145/1531326.1531394",
	issn = "0730-0301",
	issue_date = "August 2009",
	journal = "ACM Trans. Graph.",
	keywords = "coupled simulation; needle insertion; real-time finite element methods; surgical simulation",
	month = jul,
	number = "3",
	numpages = "10",
	old_key = "Chentanez:2009:needle",
	owner = "nathan",
	pages = "88:1--88:10",
	publisher = "ACM",
	timestamp = "2016.10.31",
	title = "{Interactive Simulation of Surgical Needle Insertion and Steering}",
	volume = "28",
	year = "2009"
}

@inproceedings{ChentFLOS:2007,
	__markedentry = "[nathan:]",
	acmid = "1272720",
	address = "Switzerland",
	author = "Chentanez, Nuttapong and Feldman, Bryan E. and Labelle, Fran\c{c}ois and O'Brien, James F. and Shewchuk, Jonathan R.",
	isbn = "978-1-59593-624-0",
	keywords = "computational fluid dynamics; natural phenomena; physically based animation; tetrahedral mesh",
	location = "San Diego, California",
	numpages = "10",
	old_key = "Chentanez:2007:LiquidOnLatticeBasedTetrahedral",
	owner = "nathan",
	pages = "219--228",
	series = "{SCA '07}",
	timestamp = "2016.10.31",
	title = "{Liquid Simulation on Lattice-based Tetrahedral Meshes}",
	url = "http://dl.acm.org/citation.cfm?id=1272690.1272720",
	year = "2007"
}

@inproceedings{ChentM:2011,
	__markedentry = "[nathan:]",
	author = "Chentanez, Nuttapong and M{\"u}ller, Matthias",
	old_key = "Chentanez:2011:RealTimeEulerian",
	owner = "nathan",
	pages = "82:1--82:10",
	series = "{SIGGRAPH '11}",
	timestamp = "2016.10.31",
	title = "{Real-time {E}ulerian Water Simulation Using a Restricted Tall Cell Grid}",
	year = "2011"
}

@article{ChentMMK:2015,
	__markedentry = "[nathan:]",
	author = "Chentanez, Nuttapong and M{\"u}ller, Matthias and Macklin, Miles and Kim, Tae-Yong",
	journal = "ACM Trans. Graph.",
	number = "4",
	old_key = "Chentanez:2015:FGS",
	owner = "nathan",
	pages = "148:1--148:11",
	timestamp = "2016.10.31",
	title = "{Fast Grid-free Surface Tracking}",
	volume = "34",
	year = "2015"
}

@article{Chori:1968,
	__markedentry = "[nathan:]",
	author = "Chorin, A.J.",
	journal = "Math. Comp.",
	number = "1",
	old_key = "chorin:1968:NNS",
	owner = "nathan",
	pages = "745--762",
	timestamp = "2016.10.31",
	title = "{{N}umerical solution of the {N}avier-{S}tokes {E}quations}",
	volume = "22",
	year = "1968"
}

@article{ChrisNM:2012,
	__markedentry = "[nathan:]",
	acmid = "2124653",
	address = "New York, NY, USA",
	author = "Christensen, Brian B. and Nielsen, Michael B. and Museth, Ken",
	doi = "10.1007/s10915-011-9488-0",
	issn = "0885-7474",
	issue_date = "February 2012",
	journal = "J. Sci. Comput.",
	keywords = "Code transformation; Level set methods; Loop skewing; Loop tiling; Out-of-core; Parallelism; Streaming",
	month = feb,
	number = "2",
	numpages = "37",
	old_key = "Christensen:2012:CodeTransformation",
	owner = "nathan",
	pages = "368--404",
	publisher = "Plenum Press",
	timestamp = "2016.10.31",
	title = "{Out-of-Core Computations of High-Resolution Level Sets by Means of Code Transformation}",
	url = "http://dx.doi.org/10.1007/s10915-011-9488-0",
	volume = "50",
	year = "2012"
}

@inproceedings{ChuanLBRK:2009,
	author = "Chuang, Ming and Luo, Linjie and Brown, Benedict J. and Rusinkiewicz, Szymon and Kazhdan, Michael",
	booktitle = "{Proceedings of the Symposium on Geometry Processing}",
	old_key = "chuang2009estimating",
	pages = "1475--1484",
	title = "{Estimating the {L}aplace-{B}eltrami operator by restricting 3{D} functions}",
	year = "2009"
}

@article{ClausWSO:2013,
	__markedentry = "[nathan:]",
	acmid = "2451243",
	address = "New York, NY, USA",
	articleno = "17",
	author = "Clausen, Pascal and Wicke, Martin and Shewchuk, Jonathan R. and O'brien, James",
	doi = "10.1145/2451236.2451243",
	issn = "0730-0301",
	issue_date = "April 2013",
	journal = "ACM Trans. Graph.",
	keywords = "Simulation; dynamic mesh generation; finite element method; fluid dynamics; local remeshing; melting; physically based computer animation; solid-fluid interface; surface tension; thermoelasticity",
	month = apr,
	number = "2",
	numpages = "15",
	old_key = "Clausen:2013:SolidLiquidLagrangian",
	owner = "nathan",
	pages = "17:1--17:15",
	publisher = "ACM",
	timestamp = "2016.10.31",
	title = "{Simulating Liquids and Solid-liquid Interactions with {L}agrangian Meshes}",
	url = "http://doi.acm.org/10.1145/2451236.2451243",
	volume = "32",
	year = "2013"
}

@inproceedings{CohenTG:2010,
	__markedentry = "[nathan:]",
	author = "Cohen, Jonathan and Tariq, Sarah and Green, Simon",
	booktitle = "{ACM SIGGRAPH Symp. on Interactive 3D Graphics and Games}",
	old_key = "Cohen:2010:translating",
	owner = "nathan",
	pages = "15--22",
	timestamp = "2016.10.31",
	title = "{Interactive fluid-particle simulation using translating {E}ulerian grids}",
	year = "2010"
}

@inproceedings{CourtA:2009,
	__markedentry = "[nathan:6]",
	author = "Courtecuisse, Hadrien and Allard, J{\'e}r{\'e}mie",
	doi = "10.1109/HPCC.2009.51",
	month = jun,
	old_key = "Courtecuisse:2009:parallelGS",
	owner = "nathan",
	pages = "139--147",
	publisher = "IEEE CS Press",
	series = "{HPCC '09}",
	timestamp = "2016.10.31",
	title = "{Parallel Dense Gauss-Seidel Algorithm on Many-Core Processors}",
	year = "2009"
}

@inproceedings{CrassNLE:2009,
	__markedentry = "[nathan:]",
	acmid = "1507152",
	author = "Crassin, Cyril and Neyret, Fabrice and Lefebvre, Sylvain and Eisemann, Elmar",
	doi = "10.1145/1507149.1507152",
	isbn = "978-1-60558-429-4",
	location = "Boston, Massachusetts",
	numpages = "8",
	old_key = "Crassin:2009:GRS:GigaVoxels",
	owner = "nathan",
	pages = "15--22",
	series = "{I3D '09}",
	timestamp = "2016.10.31",
	title = "{GigaVoxels: Ray-guided Streaming for Efficient and Detailed Voxel Rendering}",
	url = "http://doi.acm.org/10.1145/1507149.1507152",
	year = "2009"
}

@article{DaBG:2014,
	__markedentry = "[nathan:]",
	author = "Da, Fang and Batty, Christopher and Grinspun, Eitan",
	journal = "ACM TOG",
	number = "4",
	old_key = "Da:2014:MMS",
	owner = "nathan",
	pages = "112:1--112:11",
	timestamp = "2016.10.31",
	title = "{Multimaterial Mesh-based Surface Tracking}",
	volume = "33",
	year = "2014"
}

@article{DaBWG:2015,
	__markedentry = "[nathan:]",
	author = "Da, Fang and Batty, Christopher and Wojtan, Chris and Grinspun, Eitan",
	journal = "ACM Trans. Graph.",
	number = "4",
	old_key = "Da:2015:DBS",
	owner = "nathan",
	pages = "149:1--149:9",
	timestamp = "2016.10.31",
	title = "{Double Bubbles Sans Toil and Trouble: Discrete Circulation-preserving Vortex Sheets for Soap Films and Foams}",
	volume = "34",
	year = "2015"
}

@article{DauxMDSB:2000,
	author = "Daux, C. and Moes, N. and Dolbow, J. and Sukumar, N. and Belytschko, T.",
	journal = "International Journal for Numerical Methods in Engineering",
	number = "12",
	old_key = "daux2000arbitrary",
	title = "{Arbitrary branched and intersecting cracks with the extended finite element method}",
	volume = "48",
	year = "2000"
}

@article{DeB:2000,
	__markedentry = "[nathan:6]",
	author = "De, S and Bathe, KJ",
	journal = "Computational Mechanics",
	old_key = "de:2000:finitespheres",
	owner = "nathan",
	pages = "329--345",
	timestamp = "2016.10.31",
	title = "{The method of finite spheres}",
	volume = "25",
	year = "2000"
}

@article{DeKLS:2005,
	__markedentry = "[nathan:6]",
	author = "De, Suvranu and Kim, Jung and Lim, Yi-Je and Srinivasan, Mandayam A.",
	doi = "10.1016/j.compstruc.2004.12.003",
	issn = "0045-7949",
	journal = "Computers \& Structures",
	keywords = "Meshfree method",
	number = "17 - 18",
	old_key = "de:2005:surgeryspheres",
	owner = "nathan",
	pages = "1515--1525",
	timestamp = "2016.10.31",
	title = "{The point collocation-based method of finite spheres (PCMFS) for real time surgery simulation}",
	volume = "83",
	year = "2005"
}

@inproceedings{DebunDCB:2001,
	author = "Debunne, G. and Desbrun, M. and Cani, M. and Barr, A.",
	booktitle = "{Proc. SIGGRAPH 2001}",
	old_key = "debunne:2001:dynamicrealtime",
	owner = "nathan",
	pages = "31--36",
	timestamp = "2016.10.31",
	title = "{Dynamic Real-Time Deformations using Space and Time Adaptive Sampling}",
	volume = "20",
	year = "2001"
}

@inproceedings{DebunDCB:2000,
	__markedentry = "[nathan:6]",
	author = "Debunne, Gilles and Desbrun, Mathieu and Cani, M-P and Barr, Alan",
	old_key = "debunne:2000:adaptive",
	organization = "IEEE",
	owner = "nathan",
	pages = "15--20",
	series = "{CA '00}",
	timestamp = "2016.10.31",
	title = "{Adaptive simulation of soft bodies in real-time}",
	year = "2000"
}

@inproceedings{DesbrC:1996,
	__markedentry = "[nathan:]",
	author = "Desbrun, M. and Cani, M.-P.",
	booktitle = "{Comput. Anim. and Sim. '96}",
	month = "Aug",
	old_key = "Desbrun:1996:SPA",
	owner = "nathan",
	pages = "61--76",
	publisher = "Springer-Verlag",
	timestamp = "2016.10.31",
	title = "{Smoothed Particles: A new paradigm for animating highly deformable bodies}",
	year = "1996"
}

@inproceedings{DickGBW:2008,
	author = "Dick, Christian and Georgii, Joachim and Burgkart, Rainer and Westermann, R{\"u}diger",
	booktitle = "{Proceedings of Visual Computing for Biomedicine 2008}",
	old_key = "dick:2008:fem",
	owner = "nathan",
	pages = "83--92",
	timestamp = "2016.10.31",
	title = "{Computational Steering for Patient-Specific Implant Planning in Orthopedics}",
	year = "2008"
}

@article{DickGW:2011b,
	__markedentry = "[nathan:]",
	author = "Dick, Christian and Georgii, Joachim and Westermann, R{\"u}diger",
	journal = "Simulation Modelling Practice and Theory",
	number = "2",
	old_key = "Dick:2011:MFHE",
	owner = "nathan",
	pages = "801--816",
	timestamp = "2016.10.31",
	title = "{A real-time multigrid finite hexahedra method for elasticity simulation using {CUDA}}",
	volume = "19",
	year = "2011"
}

@article{DickGW:2011,
	__markedentry = "[nathan:6]",
	author = "Dick, Christian and Georgii, Joachim and Westermann, R{\"u}diger",
	doi = "10.1109/TVCG.2010.268",
	journal = "IEEE Transactions on Visualization and Computer Graphics",
	number = "11",
	old_key = "Dick:2011:Cutting",
	owner = "nathan",
	pages = "1663--1675",
	timestamp = "2016.10.31",
	title = "{A Hexahedral Multigrid Approach for Simulating Cuts in Deformable Objects}",
	volume = "17",
	year = "2011"
}

@article{DickRW:2016,
	__markedentry = "[nathan:]",
	author = "Dick, Christian and Rogowsky, Marcus and Westermann, R{\"u}diger",
	journal = "IEEE Trans. Visualization \& Computer Graphics",
	month = "to appear",
	old_key = "Dick:2016:Multigrid",
	owner = "nathan",
	timestamp = "2016.10.31",
	title = "{Solving the Fluid Pressure Poisson Equation Using Multigrid {--} Evaluation and Improvements}",
	year = "2016"
}

@article{DobasMYN:2008,
	__markedentry = "[nathan:]",
	author = "Dobashi, Yoshinori and Matsuda, Yasuhiro and Yamamoto, Tsuyoshi and Nishita, Tomoyuki",
	doi = "10.1111/j.1467-8659.2008.01145.x",
	issn = "1467-8659",
	journal = "Computer Graphics Forum",
	keywords = "I.3.7 [Computer Graphics], Three-Dimensional Graphics and Realism - Animation; I.3.7 [Computer Graphics], Three-Dimensional Graphics and Realism; I.6.8 [Simulation and Modeling], Types of Simulation - Animation; I.6.3 [Simulation and Modeling], Applications",
	number = "2",
	old_key = "Dobashi:2008:SmokeRigidObjects",
	owner = "nathan",
	pages = "477--486",
	publisher = "Blackwell Publishing Ltd",
	timestamp = "2016.10.31",
	title = "{A Fast Simulation Method Using Overlapping Grids for Interactions between Smoke and Rigid Objects}",
	url = "http://dx.doi.org/10.1111/j.1467-8659.2008.01145.x",
	volume = "27",
	year = "2008"
}

@article{EdwarB:2015,
	__markedentry = "[nathan:]",
	author = "Edwards, Essex and Bridson, Robert",
	journal = "CoRR",
	old_key = "EdwardsB15",
	owner = "nathan",
	timestamp = "2016.10.31",
	title = "{The Discretely-Discontinuous {G}alerkin Coarse Grid for Domain Decomposition}",
	url = "http://arxiv.org/abs/1504.00907",
	volume = "abs/1504.00907",
	year = "2015"
}

@article{ElcotTKSD:2007,
	address = "New York, NY, USA",
	author = "Elcott, S. and Tong, Y. and Kanso, E. and Schr{\"o}der, P. and Desbrun, M.",
	doi = "10.1145/1189762.1189766",
	issn = "0730-0301",
	journal = "ACM Trans. Graph.",
	number = "1",
	old_key = "ETKSD07",
	owner = "nathan",
	pages = "4",
	publisher = "ACM",
	timestamp = "2016.10.31",
	title = "{Stable, circulation-preserving, simplicial fluids}",
	volume = "26",
	year = "2007"
}

@inproceedings{EngliB:2008,
	author = "English, E. and Bridson, R.",
	booktitle = "{ACM Transactions on Graphics (SIGGRAPH Proceedings)}",
	number = "3",
	old_key = "english2008animating",
	pages = "66",
	title = "{Animating developable surfaces using nonconforming elements}",
	volume = "27",
	year = "2008"
}

@article{EngliB:2007,
	author = "English, E. and Bridson, R.",
	journal = "ACM Trans. Graph. (SIGGRAPH Proc.)",
	number = "3",
	old_key = "english:2008:developable",
	owner = "nathan",
	timestamp = "2016.10.31",
	title = "{Animating developable surfaces using nonconforming elements}",
	volume = "26",
	year = "2007"
}

@article{EngliQYF:2013b,
	__markedentry = "[nathan:]",
	author = "English, R.E. and Qiu, L. and Yu, Y. and Fedkiw, R.",
	journal = "J. Comput. Phys.",
	number = "0",
	old_key = "english:2012:chimera",
	owner = "nathan",
	pages = "107--154",
	timestamp = "2016.10.31",
	title = "{An adaptive discretization of incompressible flow using a multitude of moving {C}artesian grids}",
	volume = "254",
	year = "2013"
}

@inproceedings{EngliQYF:2013,
	__markedentry = "[nathan:]",
	author = "English, R. Elliot and Qiu, Linhai and Yu, Yue and Fedkiw, Ronald",
	isbn = "978-1-4503-2132-7",
	old_key = "English:2013:CGW",
	owner = "nathan",
	pages = "85--94",
	series = "{SCA '13}",
	timestamp = "2016.10.31",
	title = "{Chimera Grids for Water Simulation}",
	year = "2013"
}

@article{EnrigLF:2005,
	author = "Enright, Douglas and Losasso, Frank and Fedkiw, Ronald",
	journal = "Comput. Struct.",
	number = "6-7",
	old_key = "Enright:2005:FAS",
	owner = "nathan",
	pages = "479--490",
	timestamp = "2016.08.09",
	title = "{A Fast and Accurate semi-{L}agrangian Particle Level Set Method}",
	volume = "83",
	year = "2005"
}

@article{EnrigMF:2002,
	__markedentry = "[nathan:]",
	author = "Enright, Douglas and Marschner, Stephen and Fedkiw, Ronald",
	journal = "ACM Trans. Graph.",
	number = "3",
	old_key = "Enright:2002:ARC",
	owner = "nathan",
	pages = "736--744",
	timestamp = "2016.10.31",
	title = "{Animation and Rendering of Complex Water Surfaces}",
	volume = "21",
	year = "2002"
}

@inproceedings{EnrigNGF:2003,
	author = "Enright, D. and Nguyen, D. and Gibou, F. and Fedkiw, R.",
	booktitle = "{Proc. 4th ASME-JSME Joint Fluids Eng. Conf.}",
	old_key = "Enright:2003:UTP",
	owner = "nathan",
	timestamp = "2016.08.09",
	title = "{Using the Particle Level Set Method and a Second Order Accurate Pressure Boundary Condition for Free Surface Flows}",
	year = "2003"
}

@article{FanLP:2014,
	__markedentry = "[nathan:6]",
	acmid = "2601215",
	address = "New York, NY, USA",
	articleno = "152",
	author = "Fan, Ye and Litven, Joshua and Pai, Dinesh K.",
	doi = "10.1145/2601097.2601215",
	issn = "0730-0301",
	issue_date = "July 2014",
	journal = "ACM Trans. Graph.",
	keywords = "Eulerian simulation; activation; deformation; muscle; musculoskeleton; soft tissues",
	month = jul,
	number = "4",
	numpages = "9",
	old_key = "Fan:2014:ActiveMusculoskeletal",
	owner = "nathan",
	pages = "152:1--152:9",
	publisher = "ACM",
	timestamp = "2016.10.31",
	title = "{Active Volumetric Musculoskeletal Systems}",
	volume = "33",
	year = "2014"
}

@inproceedings{FaureBAF:2008,
	__markedentry = "[nathan:]",
	author = "Faure, Fran\c{c}ois and Barbier, S{\'e}bastien and Allard, J{\'e}r{\'e}mie and Falipou, Florent",
	old_key = "Faure:2008:ICD",
	owner = "nathan",
	pages = "155--162",
	series = "{SCA '08}",
	timestamp = "2016.10.31",
	title = "{Image-based Collision Detection and Response Between Arbitrary Volume Objects}",
	year = "2008"
}

@article{FedkiAMO:1999,
	author = "Fedkiw, R.P. and Aslam, T. and Merriman, B. and Osher, S.",
	journal = "Journal of Computational Physics",
	number = "2",
	old_key = "fedkiw1999non",
	pages = "457--492",
	publisher = "Elsevier",
	title = "{A non-oscillatory Eulerian approach to interfaces in multimaterial flows (the ghost fluid method)}",
	volume = "152",
	year = "1999"
}

@article{FedkiLO:2002,
	author = "Fedkiw, R. and Liu, X.-D. and Osher, S.",
	journal = "Int. J. Nonlinear Sci. and Numer. Sim.",
	old_key = "Fedkiw:2002:eliminateoscillations",
	owner = "nathan",
	pages = "99--106",
	timestamp = "2016.08.09",
	title = "{A General Technique for Eliminating Spurious Oscillations in Conservative Schemes for Multiphase and Multispecies {E}uler Equations}",
	volume = "3",
	year = "2002"
}

@inproceedings{FedkiSJ:2001,
	address = "New York, NY, USA",
	author = "Fedkiw, R. and Stam, J. and Jensen, H.",
	booktitle = "{SIGGRAPH '01: Proceedings of the 28th annual conference on Computer graphics and interactive techniques}",
	doi = "10.1145/383259.383260",
	isbn = "1-58113-374-X",
	old_key = "FSJ01",
	owner = "nathan",
	pages = "15--22",
	publisher = "ACM",
	timestamp = "2016.10.31",
	title = "{Visual simulation of smoke}",
	year = "2001"
}

@article{FeldmOK:2005,
	address = "New York, NY, USA",
	author = "Feldman, B. and O'Brien, J. and Klingner, B.",
	doi = "10.1145/1073204.1073281",
	issn = "0730-0301",
	journal = "ACM Trans. Graph.",
	number = "3",
	old_key = "FOK05",
	owner = "nathan",
	pages = "904--909",
	publisher = "ACM",
	timestamp = "2016.10.31",
	title = "{Animating gases with hybrid meshes}",
	volume = "24",
	year = "2005"
}

@inproceedings{FeldmOKG:2005,
	__markedentry = "[nathan:]",
	acmid = "1073405",
	author = "Feldman, Bryan and O'Brien, James and Klingner, Bryan and Goktekin, Tolga",
	doi = "10.1145/1073368.1073405",
	isbn = "1-59593-198-8",
	keywords = "computational fluiddynamics; moving meshes; natural phenomena; physically based animation",
	location = "Los Angeles, California",
	numpages = "5",
	old_key = "Feldman:2005:FluidDeformingMeshes",
	owner = "nathan",
	pages = "255--259",
	series = "{SCA '05}",
	timestamp = "2016.10.31",
	title = "{Fluids in Deforming Meshes}",
	url = "http://doi.acm.org/10.1145/1073368.1073405",
	year = "2005"
}

@article{FerstWD:2014,
	__markedentry = "[nathan:]",
	address = "Los Alamitos, CA, USA",
	author = "Ferstl, Florian and Westermann, R{\"u}diger and Dick, Christian",
	doi = "10.1109/TVCG.2014.2307873",
	journal = "IEEE Trans. Visualization \& Computer Graphics",
	month = "Oct",
	number = "10",
	old_key = "Westermann:2014:LiquidAdaptiveHexahedral",
	owner = "nathan",
	pages = "1405--1417",
	publisher = "IEEE Computer Society",
	timestamp = "2016.10.31",
	title = "{Large-Scale Liquid Simulation on Adaptive Hexahedral Grids}",
	volume = "20",
	year = "2014"
}

@misc{Field:2009,
	author = "Field3d",
	old_key = "2009:Field3D",
	owner = "nathan",
	timestamp = "2016.08.09",
	title = "{Field3D}",
	url = "https://sites.google.com/site/field3d",
	year = "2009"
}

@misc{Field:2009b,
	__markedentry = "[nathan:]",
	author = "Field3d",
	old_key = "2009:Field3D",
	owner = "nathan",
	timestamp = "2016.10.31",
	title = "{Field3D}",
	url = "https://sites.google.com/site/field3d",
	year = "2009"
}

@article{Float:2003,
	__markedentry = "[nathan:6]",
	acmid = "775496",
	author = "Floater, Michael S.",
	doi = "10.1016/S0167-8396(02)00002-5",
	issn = "0167-8396",
	issue_date = "March 2003",
	journal = "Comput. Aided Geom. Des.",
	keywords = "barycentric coordinates; harmonic function; mean value theorem; morphing; parameterization",
	month = mar,
	number = "1",
	numpages = "9",
	old_key = "Floater:2003:MVC:775492.775496",
	owner = "nathan",
	pages = "19--27",
	publisher = "Elsevier Science Publishers B. V.",
	timestamp = "2016.10.31",
	title = "{Mean Value Coordinates}",
	volume = "20",
	year = "2003"
}

@incollection{Fortu:1997,
	__markedentry = "[nathan:]",
	author = "Fortune, Steven",
	chapter = "Voronoi Diagrams and Delaunay Triangulations",
	editor = "Goodman, Jacob E. and O'Rourke, Joseph",
	old_key = "Fortune:1997:VDD",
	owner = "nathan",
	pages = "377--388",
	publisher = "CRC Press, Inc.",
	timestamp = "2016.10.31",
	title = "{Handbook of Discrete and Computational Geometry}",
	year = "1997"
}

@inproceedings{FosteF:2001,
	__markedentry = "[nathan:]",
	author = "Foster, N. and Fedkiw, R.",
	booktitle = "{Proc. of ACM SIGGRAPH 2001}",
	old_key = "Foster:2001:PAO",
	owner = "nathan",
	pages = "23--30",
	timestamp = "2016.10.31",
	title = "{Practical Animation of Liquids}",
	year = "2001"
}

@article{FosteM:1996,
	author = "Foster, Nick and Metaxas, Dimitri",
	journal = "Graph. Models Image Process.",
	number = "5",
	old_key = "Foster:1996:RAL",
	owner = "nathan",
	pages = "471--483",
	timestamp = "2016.08.09",
	title = "{Realistic Animation of Liquids}",
	volume = "58",
	year = "1996"
}

@inproceedings{FreunN:1994,
	author = "Freund, R.W. and Nachtigal, N.M.",
	booktitle = "{Proceedings of the 14th IMACS World Congress on Computational and Applied Mathematics}",
	old_key = "freund1994new",
	organization = "IMACS: New Brunswick, NJ",
	pages = "1253--1256",
	title = "{A new {K}rylov-subspace method for symmetric indefinite linear systems}",
	year = "1994"
}

@inproceedings{FriskPRJ:2000,
	__markedentry = "[nathan:]",
	acmid = "344899",
	author = "Frisken, Sarah and Perry, Ronald and Rockwood, Alyn and Jones, Thouis",
	doi = "10.1145/344779.344899",
	isbn = "1-58113-208-5",
	keywords = "carving; distance fields; graphics; implicit surfaces; level of detail; rendering; volume modeling; volume rendering",
	numpages = "6",
	old_key = "Frisken:2000:AdaptiveSDF",
	owner = "nathan",
	pages = "249--254",
	series = "{SIGGRAPH '00}",
	timestamp = "2016.10.31",
	title = "{Adaptively Sampled Distance Fields: A General Representation of Shape for Computer Graphics}",
	url = "http://dx.doi.org/10.1145/344779.344899",
	year = "2000"
}

@inproceedings{FroemGP:2007,
	author = "Froemling, Eric and Goktekin, Tolga and Peachey, Darwyn",
	booktitle = "{ACM SIGGRAPH 2007 Sketches}",
	old_key = "Froemling:2007:SWR",
	owner = "nathan",
	series = "{SIGGRAPH '07}",
	timestamp = "2016.08.09",
	title = "{Simulating Whitewater Rapids in {R}atatouille}",
	year = "2007"
}

@article{GoeddSMMWBT:2008,
	author = "G{\"o}ddeke, D. and Strzodka, R. and Mohd-Yusof, J. and McCormick, P. and Wobker, H. and Becker, C. and Turek, S.",
	journal = "International Journal of Computational Science and Engineering",
	note = "doi: 10.1504/IJCSE.2008.021111",
	number = "1",
	old_key = "GSMMWBT08",
	owner = "nathan",
	pages = "36--55",
	timestamp = "2016.10.31",
	title = "{Using {GPUs} to improve multigrid solver performance on a cluster}",
	volume = "4",
	year = "2008"
}

@article{GallaRCHFMSS:2005,
	__markedentry = "[nathan:6]",
	abstract = "Summary Background Data: To inform surgeons about the practical issues to be considered for successful integration of virtual reality simulation into a surgical training program. The learning and practice of minimally invasive surgery ({MIS)} makes unique demands on surgical training programs. A decade ago Satava proposed virtual reality ({VR)} surgical simulation as a solution for this problem. Only recently have robust scientific studies supported that vision Methods: A review of the surgical education, human-factor, and psychology literature to identify important factors which will impinge on the successful integration of {VR} training into a surgical training program. Results: {VR} is more likely to be successful if it is systematically integrated into a well-thought-out education and training program which objectively assesses technical skills improvement proximate to the learning experience. Validated performance metrics should be relevant to the surgical task being trained but in general will require trainees to reach an objectively determined proficiency criterion, based on tightly defined metrics and perform at this level consistently. {VR} training is more likely to be successful if the training schedule takes place on an interval basis rather than massed into a short period of extensive practice. High-fidelity {VR} simulations will confer the greatest skills transfer to the in vivo surgical situation, but less expensive {VR} trainers will also lead to considerably improved skills generalizations. Conclusions: {VR} for improved performance of {MIS} is now a reality. However, {VR} is only a training tool that must be thoughtfully introduced into a surgical training curriculum for it to successfully improve surgical technical skills.",
	author = "Gallagher, Anthony G. and Ritter, E Matt and Champion, Howard and Higgins, Gerald and Fried, Marvin P. and Moses, Gerald and Smith, C Daniel and Satava, Richard M.",
	issn = "0003-4932",
	journal = "Annals of Surgery",
	number = "2",
	old_key = "gallagher:2005:operatingroomsims",
	owner = "nathan",
	timestamp = "2016.10.31",
	title = "{Virtual Reality Simulation for the Operating Room: Proficiency-Based Training as a Paradigm Shift in Surgical Skills Training}",
	url = "http://journals.lww.com/annalsofsurgery/Fulltext/2005/02000/Virtual_Reality_Simulation_for_the_Operating_Room_.24.aspx",
	volume = "241",
	year = "2005"
}

@inproceedings{GaoMS:2014,
	__markedentry = "[nathan:6]",
	author = "Gao, Ming and Mitchell, Nathan and Sifakis, Eftychios",
	booktitle = "{Eurographics/ ACM SIGGRAPH Symposium on Computer Animation}",
	doi = "10.2312/sca.20141132",
	editor = "Koltun, Vladlen and Sifakis, Eftychios",
	isbn = "978-3-905674-61-3",
	issn = "1727-5288",
	old_key = "sca.20141132",
	owner = "nathan",
	publisher = "The Eurographics Association",
	timestamp = "2016.10.31",
	title = "{Steklov-Poincar{\`e} Skinning}",
	year = "2014"
}

@inproceedings{GaoMS:2014b,
	__markedentry = "[nathan:]",
	author = "Gao, Ming and Mitchell, Nathan and Sifakis, Eftychios",
	old_key = "Gao:2015:SS",
	owner = "nathan",
	pages = "139--148",
	series = "{SCA '14}",
	timestamp = "2016.10.31",
	title = "{Steklov-Poincar{\'e} Skinning}",
	year = "2014"
}

@inproceedings{Gascu:1993,
	author = "Gascuel, M.-P.",
	booktitle = "{SIGGRAPH '93}",
	old_key = "gascuel:1993:implicit",
	owner = "nathan",
	pages = "313--320",
	timestamp = "2016.08.09",
	title = "{An implicit formulation for precise contact modeling between flexible solids}",
	year = "1993"
}

@article{GaspaGLO:2008,
	author = "Gaspar, F. and Gracia, J. and Lisbona, F. and Oosterlee, C.",
	journal = "Numerical Linear Algebra with Applications",
	number = "8",
	old_key = "gaspar:2008:distributive",
	owner = "nathan",
	pages = "661--683",
	timestamp = "2016.10.31",
	title = "{Distributive smoothers in multigrid for problems with dominating grad-div operators}",
	volume = "15",
	year = "2008"
}

@inproceedings{GeigeLRLF:2006,
	__markedentry = "[nathan:]",
	author = "Geiger, Willi and Leo, Mohen and Rasmussen, Nick and Losasso, Frank and Fedkiw, Ron",
	booktitle = "{ACM SIGGRAPH 2006 Sketches}",
	old_key = "Geiger:2006:SRI",
	owner = "nathan",
	series = "{SIGGRAPH '06}",
	timestamp = "2016.10.31",
	title = "{So Real It'Ll Make You Wet}",
	year = "2006"
}

@inproceedings{GeorgW:2008,
	__markedentry = "[nathan:6]",
	author = "Georgii, Joachim and Westermann, R{\"u}diger",
	doi = "10.2312/PE/vriphys/vriphys08/011-019",
	editor = "Faure, Francois and Teschner, Matthias",
	isbn = "978-3-905673-70-8",
	old_key = "georgii:2008:fem",
	owner = "nathan",
	publisher = "The Eurographics Association",
	series = "{VRIPHYS '08}",
	timestamp = "2016.10.31",
	title = "{Corotated Finite Elements Made Fast and Stable}",
	year = "2008"
}

@inproceedings{GeorgW:2008b,
	author = "Georgii, Joachim and Westermann, R{\"u}diger",
	booktitle = "{Proceedings of the 5th Workshop On Virtual Reality Interaction and Physical Simulation}",
	old_key = "georgii:2008:fem",
	owner = "nathan",
	timestamp = "2016.10.31",
	title = "{Corotated Finite Elements Made Fast and Stable}",
	year = "2008"
}

@article{GeorgW:2006,
	author = "Georgii, Joachim and Westermann, R{\"u}diger",
	journal = "Computers \& Graphics",
	number = "3",
	old_key = "georgii:2006:multigrid",
	owner = "nathan",
	pages = "408--415",
	timestamp = "2016.10.31",
	title = "{A multigrid framework for real-time simulation of deformable bodies}",
	volume = "30",
	year = "2006"
}

@phdthesis{Gerri:1996,
	author = "Gerritsma, M.",
	old_key = "gerritsma:1996:staggered",
	owner = "nathan",
	school = "Ruhjsybuversuteut Gribubgeb",
	timestamp = "2016.10.31",
	title = "{Time dependent numerical simulations of a viscoelastic fluid on a staggered grid}",
	year = "1996"
}

@misc{Electron:2016,
	author = "{GitHub, Inc}",
	howpublished = "\url{http://electron.atom.io/}",
	owner = "nathan",
	timestamp = "2016.08.09",
	title = "{Electron}",
	year = "2016"
}

@article{GoesWHPD:2015,
	__markedentry = "[nathan:]",
	author = "de Goes, Fernando and Wallez, Corentin and Huang, Jin and Pavlov, Dmitry and Desbrun, Mathieu",
	journal = "ACM Trans. Graph.",
	number = "4",
	old_key = "deGoes:2015:PPI",
	owner = "nathan",
	pages = "50:1--50:11",
	timestamp = "2016.10.31",
	title = "{Power Particles: An Incompressible Fluid Solver Based on Power Diagrams}",
	volume = "34",
	year = "2015"
}

@article{GokteBO:2004,
	__markedentry = "[nathan:6]",
	acmid = "1015746",
	author = "Goktekin, Tolga G. and Bargteil, Adam W. and O'Brien, James F.",
	doi = "10.1145/1015706.1015746",
	issn = "0730-0301",
	issue_date = "August 2004",
	journal = "ACM Trans. Graph.",
	keywords = "Natural phenomena; computational fluid dynamics; elastoplastic; glop; goop; physically based animation; viscoelastic fluids; viscous fluids",
	month = aug,
	number = "3",
	numpages = "6",
	old_key = "Goktekin:2004:animatingviscoelastic",
	owner = "nathan",
	pages = "463--468",
	publisher = "ACM",
	timestamp = "2016.10.31",
	title = "{A Method for Animating Viscoelastic Fluids}",
	volume = "23",
	year = "2004"
}

@article{GolasNSKDL:2012,
	__markedentry = "[nathan:]",
	acmid = "2366167",
	address = "New York, NY, USA",
	articleno = "148",
	author = "Golas, Abhinav and Narain, Rahul and Sewall, Jason and Krajcevski, Pavel and Dubey, Pradeep and Lin, Ming",
	doi = "10.1145/2366145.2366167",
	issn = "0730-0301",
	issue_date = "November 2012",
	journal = "ACM Trans. Graph.",
	keywords = "Navier-Stokes equations; computational fluid dynamics; stable fluids; vortex methods",
	number = "6",
	numpages = "9",
	old_key = "Golas:2012:VelocityVorticityDD",
	owner = "nathan",
	pages = "148:1--148:9",
	publisher = "ACM",
	timestamp = "2016.10.31",
	title = "{Large-scale Fluid Simulation Using Velocity-vorticity Domain Decomposition}",
	url = "http://doi.acm.org/10.1145/2366145.2366167",
	volume = "31",
	year = "2012"
}

@article{GoldeHFBG:2007,
	__markedentry = "[nathan:6]",
	acmid = "1276438",
	articleno = "49",
	author = "Goldenthal, Rony and Harmon, David and Fattal, Raanan and Bercovier, Michel and Grinspun, Eitan",
	doi = "10.1145/1276377.1276438",
	issn = "0730-0301",
	issue_date = "July 2007",
	journal = "ACM Trans. Graph.",
	keywords = "cloth simulation; constrained lagrangian mechanics; constraints; inextensibility; isometry; physically-based modeling; stretching",
	month = jul,
	number = "3",
	old_key = "goldenthal:2007:inextensible",
	owner = "nathan",
	publisher = "ACM",
	timestamp = "2016.10.31",
	title = "{Efficient Simulation of Inextensible Cloth}",
	volume = "26",
	year = "2007"
}

@inproceedings{GoldeHFBG:2007b,
	author = "Goldenthal, R. and Harmon, D. and Fattal, R. and Bercovier, M. and Grinspun, E.",
	booktitle = "{ACM Transactions on Graphics (TOG)}",
	number = "3",
	old_key = "goldenthal2007efficient",
	pages = "49",
	title = "{Efficient simulation of inextensible cloth}",
	volume = "26",
	year = "2007"
}

@book{GolubL:1989,
	addryss = "Baltimore",
	author = "Golub, G. and van Loan, C.",
	old_key = "GolubVanLoan:1989:MC",
	owner = "nathan",
	publisher = "The John Hopkins University Press",
	timestamp = "2016.10.31",
	title = "{Matrix Computations}",
	year = "1989"
}

@inproceedings{GoodnWLLH:2003,
	address = "Aire-la-Ville, Switzerland, Switzerland",
	author = "Goodnight, N. and Woolley, C. and Lewin, G. and Luebke, D. and Humphreys, G.",
	booktitle = "{HWWS '03: Proceedings of the ACM SIGGRAPH/EUROGRAPHICS conference on Graphics hardware}",
	isbn = "1-58113-739-7",
	location = "San Diego, California",
	old_key = "GWLLH03",
	owner = "nathan",
	pages = "102--111",
	publisher = "Eurographics Association",
	timestamp = "2016.10.31",
	title = "{A multigrid solver for boundary value problems using programmable graphics hardware}",
	year = "2003"
}

@inproceedings{GoswaSSP:2010,
	acmid = "1921437",
	author = "Goswami, Prashant and Schlegel, Philipp and Solenthaler, Barbara and Pajarola, Renato",
	location = "Madrid, Spain",
	numpages = "10",
	old_key = "Goswami:2010:ISS",
	owner = "nathan",
	pages = "55--64",
	series = "{SCA '10}",
	timestamp = "2016.08.09",
	title = "{Interactive {SPH} Simulation and Rendering on the {GPU}}",
	url = "http://dl.acm.org/citation.cfm?id=1921427.1921437",
	year = "2010"
}

@article{GourrTT:1989,
	__markedentry = "[nathan:6]",
	acmid = "74335",
	author = "Gourret, J.-P. and Thalmann, N. M. and Thalmann, D.",
	doi = "10.1145/74334.74335",
	issn = "0097-8930",
	issue_date = "July 1989",
	journal = "SIGGRAPH Comput. Graph.",
	month = jul,
	number = "3",
	numpages = "10",
	old_key = "Gourret:1989:SOH:74334.74335",
	owner = "nathan",
	pages = "21--30",
	publisher = "ACM",
	timestamp = "2016.10.31",
	title = "{Simulation of Object and Human Skin Formations in a Grasping Task}",
	volume = "23",
	year = "1989"
}

@inproceedings{GreenTS:2002,
	author = "Green, S. and Turkiyyah, G. and Storti, D.",
	booktitle = "{Proceedings of the seventh ACM symposium on Solid modeling and applications}",
	old_key = "green:2002:subdivision",
	organization = "ACM New York, NY, USA",
	owner = "nathan",
	pages = "265--272",
	timestamp = "2016.10.31",
	title = "{Subdivision-based multilevel methods for large scale engineering simulation of thin shells}",
	year = "2002"
}

@article{GriebOS:2003,
	author = "Griebel, Michael and Oeltz, Daniel and Schweitzer, Marc Alexander",
	journal = "SIAM J. Sci. Comput",
	old_key = "griebel:2003:amg",
	owner = "nathan",
	pages = "407",
	timestamp = "2016.10.31",
	title = "{An Algebraic Multigrid Method for Linear Elasticity}",
	volume = "25",
	year = "2003"
}

@article{GrinsKS:2002b,
	author = "Grinspun, E. and Krysl, P. and Schr{\"o}der, P.",
	journal = "ACM Trans. Graph. (SIGGRAPH Proc.)",
	old_key = "grinspun:2002:charms",
	owner = "nathan",
	pages = "281--290",
	timestamp = "2016.10.31",
	title = "{{CHARMS}: A simple framework for adaptive simulation}",
	volume = "21",
	year = "2002"
}

@article{GrinsKS:2002,
	__markedentry = "[nathan:6]",
	acmid = "566578",
	author = "Grinspun, Eitan and Krysl, Petr and Schr{\"o}der, Peter",
	doi = "10.1145/566654.566578",
	issn = "0730-0301",
	issue_date = "July 2002",
	journal = "ACM Trans. Graph.",
	keywords = "adaptive computation; basis function; multiresolution; refinement relation; subdivision",
	month = jul,
	number = "3",
	numpages = "10",
	old_key = "grinspun:2002:charms",
	owner = "nathan",
	pages = "281--290",
	publisher = "ACM",
	timestamp = "2016.10.31",
	title = "{CHARMS: A Simple Framework for Adaptive Simulation}",
	volume = "21",
	year = "2002"
}

@article{GuendBF:2003,
	author = "Guendelman, Eran and Bridson, Robert and Fedkiw, Ronald",
	journal = "ACM TOG",
	number = "3",
	old_key = "Guendelman:2003:NRB",
	owner = "nathan",
	pages = "871--878",
	timestamp = "2016.08.09",
	title = "{Nonconvex Rigid Bodies with Stacking}",
	volume = "22",
	year = "2003"
}

@article{GuendSLF:2005,
	address = "New York, NY, USA",
	author = "Guendelman, E. and Selle, A. and Losasso, F. and Fedkiw, R.",
	doi = "10.1145/1073204.1073299",
	issn = "0730-0301",
	journal = "ACM Transactions on Graphics (SIGGRAPH Proceedings)",
	number = "3",
	old_key = "GSLF05",
	pages = "973--981",
	title = "{Coupling water and smoke to thin deformable and rigid shells}",
	volume = "24",
	year = "2005"
}

@article{GuittLTG:2015,
	__markedentry = "[nathan:]",
	author = "Guittet, A. and Lepilliez, M. and Tanguy, S. and Gibou, F.",
	journal = "J. Comput. Phys.",
	number = "C",
	old_key = "Guittet:2015:SEP",
	owner = "nathan",
	pages = "747--765",
	timestamp = "2016.10.31",
	title = "{Solving Elliptic Problems with Discontinuities on Irregular Domains - the Voronoi Interface Method}",
	volume = "298",
	year = "2015"
}

@article{HarloW:1965,
	author = "Harlow, F. and Welch, J.",
	journal = "Phys. Fl.",
	old_key = "HW65",
	owner = "nathan",
	pages = "2812--2189",
	timestamp = "2016.10.31",
	title = "{Numerical calculation of time-dependent viscous incompressible flow of fluid with a free surface}",
	volume = "8",
	year = "1965"
}

@article{HarloW:1965b,
	author = "Harlow, F. and Welch, J.",
	journal = "Phys. Fluids",
	old_key = "Harlow:1965:NCO",
	owner = "nathan",
	pages = "2182--2189",
	timestamp = "2016.10.31",
	title = "{Numerical Calculation of Time-Dependent Viscous Incompressible Flow of Fluid with Free Surface}",
	volume = "8",
	year = "1965"
}

@article{HarloW:1965c,
	__markedentry = "[nathan:]",
	author = "Harlow, Francis H. and Welch, J. Eddie",
	doi = "10.1063/1.1761178",
	journal = "Physics of Fluids (1958-1988)",
	number = "12",
	old_key = "Harlow:1965:Fluids",
	owner = "nathan",
	pages = "2182--2189",
	timestamp = "2016.10.31",
	title = "{Numerical Calculation of Time‐Dependent Viscous Incompressible Flow of Fluid with Free Surface}",
	url = "http://scitation.aip.org/content/aip/journal/pof1/8/12/10.1063/1.1761178",
	volume = "8",
	year = "1965"
}

@inproceedings{HauthS:2004,
	author = "Hauth, M. and Strasser, W.",
	booktitle = "{In Proc. of WSCG}",
	old_key = "hauth:2004:corotational",
	owner = "nathan",
	pages = "137--145",
	timestamp = "2016.10.31",
	title = "{Corotational Simulation of Deformable Solids}",
	year = "2004"
}

@article{HechtLSO:2012,
	__markedentry = "[nathan:]",
	author = "Hecht, Florian and Lee, Yeon Jin and Shewchuk, Jonathan R. and O'Brien, James F.",
	journal = "ACM Trans. Graph.",
	number = "5",
	old_key = "Hecht:2012:USC",
	owner = "nathan",
	pages = "123:1--123:13",
	timestamp = "2016.10.31",
	title = "{Updated Sparse Cholesky Factors for Corotational Elastodynamics}",
	volume = "31",
	year = "2012"
}

@inproceedings{HellrSSST:2009,
	__markedentry = "[nathan:]",
	author = "Hellrung, Jeffrey and Selle, Andrew and Shek, Arthur and Sifakis, Eftychios and Teran, Joseph",
	booktitle = "{SIGGRAPH 2009: Talks}",
	old_key = "Hellrung:2009:GFM",
	owner = "nathan",
	pages = "7:1--7:1",
	series = "{SIGGRAPH '09}",
	timestamp = "2016.10.31",
	title = "{Geometric Fracture Modeling in Bolt}",
	year = "2009"
}

@article{HellrWST:2012,
	__markedentry = "[nathan:6]",
	acmid = "2088809",
	author = "Hellrung, Jr. Jeffrey Lee and Wang, Luming and Sifakis, Eftychios and Teran, Joseph M.",
	doi = "10.1016/j.jcp.2011.11.023",
	issn = "0021-9991",
	issue_date = "February, 2012",
	journal = "J. Comput. Phys.",
	keywords = "Elliptic interface problems; Embedded interface methods; Multigrid methods; Variational methods; Virtual node methods",
	month = feb,
	number = "4",
	numpages = "34",
	old_key = "hellrung:2012:virtualnode",
	owner = "nathan",
	pages = "2015--2048",
	publisher = "Academic Press Professional, Inc.",
	timestamp = "2016.10.31",
	title = "{A Second Order Virtual Node Method for Elliptic Problems with Interfaces and Irregular Domains in Three Dimensions}",
	volume = "231",
	year = "2012"
}

@inproceedings{HermaRF:2009,
	__markedentry = "[nathan:6]",
	acmid = "2386190",
	author = "Hermann, Everton and Raffin, Bruno and Faure, Fran\c{c}ois",
	doi = "10.2312/EGPGV/EGPGV09/001-008",
	isbn = "978-3-905674-15-6",
	location = "Munich, Germany",
	numpages = "8",
	old_key = "Hermann:2009:multicore",
	owner = "nathan",
	pages = "1--8",
	publisher = "Eurographics Association",
	series = "{EG PGV'09}",
	timestamp = "2016.10.31",
	title = "{Interactive Physical Simulation on Multicore Architectures}",
	year = "2009"
}

@article{HiptmX:2007,
	author = "Hiptmair, Ralf and Xu, Jinchao",
	journal = "SIAM Journal on Numerical Analysis",
	number = "6",
	old_key = "hiptmair:2007mixed",
	owner = "nathan",
	pages = "2483--2509",
	timestamp = "2016.10.31",
	title = "{Nodal Auxiliary Space Preconditioning in H(curl) and H(div) Spaces}",
	volume = "45",
	year = "2007"
}

@inproceedings{HirotFLFo:2001,
	__markedentry = "[nathan:6]",
	author = "Hirota, Gentaro and Fisher, Susan and Lee, Chris and Fuchs, H and others",
	old_key = "hirota:2001:implicit",
	organization = "IEEE",
	owner = "nathan",
	pages = "136--254",
	series = "{CA '01}",
	timestamp = "2016.10.31",
	title = "{An implicit finite element method for elastic solids in contact}",
	year = "2001"
}

@article{HongK:2005,
	address = "New York, NY, USA",
	author = "Hong, J. and Kim, C.",
	doi = "10.1145/1073204.1073283",
	issn = "0730-0301",
	journal = "ACM Trans. Graph.",
	number = "3",
	old_key = "HK05",
	owner = "nathan",
	pages = "915--920",
	publisher = "ACM",
	timestamp = "2016.10.31",
	title = "{Discontinuous fluids}",
	volume = "24",
	year = "2005"
}

@article{HongLYK:2008,
	address = "New York, NY, USA",
	author = "Hong, J. and Lee, H. and Yoon, J. and Kim, C.",
	doi = "10.1145/1360612.1360647",
	issn = "0730-0301",
	journal = "ACM Trans. Graph.",
	number = "3",
	old_key = "HLYK08",
	owner = "nathan",
	pages = "1--4",
	publisher = "ACM",
	timestamp = "2016.10.31",
	title = "{Bubbles alive}",
	volume = "27",
	year = "2008"
}

@article{HorvaG:2009,
	address = "New York, NY, USA",
	author = "Horvath, C. and Geiger, W.",
	doi = "10.1145/1531326.1531347",
	issn = "0730-0301",
	journal = "ACM Trans. Graph.",
	number = "3",
	old_key = "HG09",
	owner = "nathan",
	pages = "1--8",
	publisher = "ACM",
	timestamp = "2016.10.31",
	title = "{Directable, high-resolution simulation of fire on the GPU}",
	volume = "28",
	year = "2009"
}

@inproceedings{HorvaG:2009b,
	__markedentry = "[nathan:]",
	acmid = "1531347",
	address = "New York, NY, USA",
	articleno = "41",
	author = "Horvath, Christopher and Geiger, Willi",
	booktitle = "{ACM SIGGRAPH 2009 Papers}",
	doi = "10.1145/1576246.1531347",
	isbn = "978-1-60558-726-4",
	keywords = "GPU; fire; particles; simulation",
	location = "New Orleans, Louisiana",
	numpages = "8",
	old_key = "Horvath:2009:FireOnGPU",
	owner = "nathan",
	pages = "41:1--41:8",
	publisher = "ACM",
	series = "{SIGGRAPH '09}",
	timestamp = "2016.10.31",
	title = "{Directable, High-resolution Simulation of Fire on the GPU}",
	url = "http://doi.acm.org/10.1145/1576246.1531347",
	year = "2009"
}

@article{HoustNBNM:2006,
	acmid = "1122508",
	address = "New York, NY, USA",
	author = "Houston, Ben and Nielsen, Michael B. and Batty, Christopher and Nilsson, Ola and Museth, Ken",
	doi = "10.1145/1122501.1122508",
	issn = "0730-0301",
	issue_date = "January 2006",
	journal = "ACM Trans. Graph.",
	keywords = "Level set methods; adaptive distance fields; computational fluid dynamics; deformable surfaces; geometric modeling; implicit surfaces; mesh scan conversion; morphology; shape",
	number = "1",
	numpages = "25",
	old_key = "Houston:2006:HRLE",
	owner = "nathan",
	pages = "151--175",
	publisher = "ACM",
	timestamp = "2016.08.09",
	title = "{Hierarchical {RLE} Level Set: A Compact and Versatile Deformable Surface Representation}",
	url = "http://doi.acm.org/10.1145/1122501.1122508",
	volume = "25",
	year = "2006"
}

@inproceedings{HugheGSKKSCHC:2007,
	author = "Hughes, C. and Grzeszczuk, R. and Sifakis, E. and Kim, D. and Kumar, S. and Selle, A. and Chhugani, J. and Holliman, M. and Chen, Y.-K.",
	booktitle = "{Intl. Symp. on Comput. Architecture}",
	old_key = "Hughes:2007:physicalsimulation",
	owner = "nathan",
	timestamp = "2016.10.31",
	title = "{Physical Simulation for Animation and Visual Effects: Parallelization and Characterization for Chip Multiprocessors}",
	year = "2007"
}

@book{Hughe:1987,
	author = "Hughes, T.",
	old_key = "hughes:1987:fem",
	owner = "nathan",
	publisher = "Prentice Hall",
	timestamp = "2016.08.09",
	title = "{The Finite Element Method: Linear Static and Dynamic Finite Element Analysis}",
	year = "1987"
}

@article{IgaraMH:2005,
	__markedentry = "[nathan:6]",
	acmid = "1073323",
	author = "Igarashi, Takeo and Moscovich, Tomer and Hughes, John F.",
	doi = "10.1145/1073204.1073323",
	issn = "0730-0301",
	issue_date = "July 2005",
	journal = "ACM Trans. Graph.",
	keywords = "animation; deformation; image editing; interaction; mesh editing; shape manipulation",
	month = jul,
	number = "3",
	numpages = "8",
	old_key = "Igarashi:2005:ASM:1073204.1073323",
	owner = "nathan",
	pages = "1134--1141",
	publisher = "ACM",
	timestamp = "2016.10.31",
	title = "{As-rigid-as-possible Shape Manipulation}",
	volume = "24",
	year = "2005"
}

@article{IhmseCSHT:2014,
	author = "Ihmsen, Markus and Cornelis, Jens and Solenthaler, Barbara and Horvath, Christopher and Teschner, Matthias",
	journal = "IEEE Transactions on Visualization and Computer Graphics",
	number = "3",
	old_key = "Ihmsen:2014:IIS",
	owner = "nathan",
	pages = "426--435",
	timestamp = "2016.08.09",
	title = "{Implicit Incompressible {SPH}}",
	volume = "20",
	year = "2014"
}

@misc{Intel:2011--2014,
	__markedentry = "[nathan:6]",
	author = "{Intel Corporation}",
	howpublished = "\url{http://ispc.github.io/}",
	old_key = "intel:2014:ispc",
	owner = "nathan",
	timestamp = "2016.10.31",
	title = "{{ISPC:} Intel SPMD Program Compiler}",
	year = "2014"
}

@misc{Intel:2011--2014b,
	author = "{Intel Corporation}",
	howpublished = "\url{http://ispc.github.io/}",
	old_key = "intel:2014:ispc",
	owner = "nathan",
	timestamp = "2016.08.09",
	title = "{{ISPC:} Intel SPMD Program Compiler}",
	year = "2014"
}

@misc{Intel:2011--2014c,
	author = "{Intel Corporation}",
	howpublished = "\url{http://ispc.github.io/}",
	old_key = "IntelCorporation2011--2014",
	owner = "nathan",
	timestamp = "2016.08.09",
	title = "{{ISPC:} Intel SPMD Program Compiler}",
	year = "2014"
}

@article{IrvinGLF:2006,
	address = "New York, NY, USA",
	author = "Irving, G. and Guendelman, E. and Losasso, F. and Fedkiw, R.",
	doi = "10.1145/1141911.1141959",
	issn = "0730-0301",
	journal = "ACM Trans. Graph.",
	number = "3",
	old_key = "IGLF06",
	owner = "nathan",
	pages = "805--811",
	publisher = "ACM",
	timestamp = "2016.10.31",
	title = "{Efficient simulation of large bodies of water by coupling two and three dimensional techniques}",
	volume = "25",
	year = "2006"
}

@inproceedings{IrvinGLF:2006b,
	__markedentry = "[nathan:]",
	acmid = "1141959",
	author = "Irving, Geoffrey and Guendelman, Eran and Losasso, Frank and Fedkiw, Ronald",
	doi = "10.1145/1179352.1141959",
	isbn = "1-59593-364-6",
	keywords = "Navier-Stokes equations; adaptive simulation; rivers; streams; water",
	location = "Boston, Massachusetts",
	numpages = "7",
	old_key = "Irving:2006:LargeBodiesWater",
	owner = "nathan",
	pages = "805--811",
	series = "{SIGGRAPH '06}",
	timestamp = "2016.10.31",
	title = "{Efficient Simulation of Large Bodies of Water by Coupling Two and Three Dimensional Techniques}",
	url = "http://doi.acm.org/10.1145/1179352.1141959",
	year = "2006"
}

@article{IrvinSF:2007,
	author = "Irving, G. and Schroeder, C. and Fedkiw, R.",
	journal = "ACM Transactions on Graphics (SIGGRAPH Proc.)",
	number = "3",
	old_key = "irving:2007:incompressible",
	owner = "nathan",
	timestamp = "2016.08.09",
	title = "{Volume Conserving Finite Element Simulations of Deformable Models}",
	volume = "26",
	year = "2007"
}

@inproceedings{IrvinTF:2004,
	__markedentry = "[nathan:6]",
	acmid = "1028541",
	author = "Irving, G. and Teran, J. and Fedkiw, R.",
	doi = "10.1145/1028523.1028541",
	isbn = "3-905673-14-2",
	location = "Grenoble, France",
	numpages = "10",
	old_key = "Irving:2004:invertable",
	owner = "nathan",
	pages = "131--140",
	publisher = "Eurographics Association",
	series = "{SCA '04}",
	timestamp = "2016.10.31",
	title = "{Invertible Finite Elements for Robust Simulation of Large Deformation}",
	year = "2004"
}

@article{JacobBPS:2011,
	__markedentry = "[nathan:6]",
	acmid = "1964973",
	articleno = "78",
	author = "Jacobson, Alec and Baran, Ilya and Popovi{\'c}, Jovan and Sorkine, Olga",
	doi = "10.1145/2010324.1964973",
	issn = "0730-0301",
	issue_date = "July 2011",
	journal = "ACM Trans. Graph.",
	keywords = "articulated character animation; generalized barycentric coordinates; linear blend skinning; shape deformation",
	month = jul,
	number = "4",
	numpages = "8",
	old_key = "Jacobson:2011:BBW:2010324.1964973",
	owner = "nathan",
	pages = "78:1--78:8",
	publisher = "ACM",
	timestamp = "2016.10.31",
	title = "{Bounded Biharmonic Weights for Real-time Deformation}",
	volume = "30",
	year = "2011"
}

@article{JacobS:2011,
	__markedentry = "[nathan:6]",
	acmid = "2024199",
	articleno = "165",
	author = "Jacobson, Alec and Sorkine, Olga",
	doi = "10.1145/2070781.2024199",
	issn = "0730-0301",
	issue_date = "December 2011",
	journal = "ACM Trans. Graph.",
	keywords = "articulated character animation; linear blend skinning; shape deformation",
	month = dec,
	number = "6",
	numpages = "8",
	old_key = "Jacobson:2011:STB:2070781.2024199",
	owner = "nathan",
	pages = "165:1--165:8",
	publisher = "ACM",
	timestamp = "2016.10.31",
	title = "{Stretchable and Twistable Bones for Skeletal Shape Deformation}",
	volume = "30",
	year = "2011"
}

@inproceedings{JamesBT:2004,
	author = "James, D. and Barbic, J. and Twigg, C.",
	booktitle = "{SIGGRAPH 2004 Sketches {\&} Applications}",
	old_key = "james:2004:squashingcubes",
	owner = "nathan",
	publisher = "ACM Press",
	timestamp = "2016.10.31",
	title = "{Squashing Cubes: Automating Deformable Model Construction for Graphics}",
	year = "2004"
}

@article{JamesF:2003,
	author = "James, D. and Fatahalian, K.",
	journal = "ACM Trans. Graph. (SIGGRAPH Proc.)",
	old_key = "james:2003:precomputing",
	owner = "nathan",
	pages = "879--887",
	timestamp = "2016.10.31",
	title = "{Precomputing Interactive Dynamic Deformable Scenes}",
	volume = "22",
	year = "2003"
}

@inproceedings{JamesP:1999,
	__markedentry = "[nathan:6]",
	author = "James, Doug and Pai, Dinesh",
	booktitle = "{Proceedings of SIGGRAPH 99}",
	doi = "10.1145/311535.311542",
	old_key = "james1999artdefo",
	owner = "nathan",
	pages = "65--72",
	timestamp = "2016.10.31",
	title = "{{ArtDefo}: accurate real time deformable objects}",
	year = "1999"
}

@article{JerabK:2009,
	acmid = "1669291",
	author = "Je\v{r}{\'a}bkov{\'a}, Lenka and Kuhlen, Torsten",
	doi = "10.1109/MCG.2009.32",
	issn = "0272-1716",
	issue_date = "March/April 2009",
	journal = "IEEE Comput. Graph. Appl.",
	number = "2",
	numpages = "11",
	old_key = "jerabkova:2009:stablecutting",
	owner = "nathan",
	pages = "61--71",
	publisher = "IEEE Computer Society Press",
	timestamp = "2016.08.09",
	title = "{Stable Cutting of Deformable Objects in Virtual Environments Using XFEM}",
	volume = "29",
	year = "2009"
}

@article{JerabBBFA:2010,
	abstract = "{A new approach for the interactive simulation of viscoelastic object cutting is presented. Two synchronized geo- metrical models at different resolutions are used, both derived from medical images. In contrast with most previous approaches, the blade deforms the object, and cutting occurs once a contact pressure threshold is exceeded. Moreover, we achieve interactive simulation rates by embedding a high resolution geometry within a regular grid with arbitrary resolution. This allows to trade off accuracy for speed in the computation of deformations. The input data is a high- resolution volumetric model of the objects. The surface model of the object, used for rendering as well as collision detection and response, is a polygonal level set of the volumetric data. It is embedded in the volume model using barycentric coordinates. Cutting is performed by removing voxels at the fine level, and updating the surface and volume models accordingly. We introduce a new data structure, which we call a Dynamic Branched Grid, in order to preserve the fine level topology at the coarse level. When an element of the coarse volumetric model is cut, it is replaced by a number of superimposed elements with the same size and at the same rest position as the original one. Each new element is assigned a part of material contained in the original one, and the mass and stiffness are recomputed accordingly. The well-known problem of creating small, ill-shaped finite elements while remeshing is thus completely avoided.}",
	affiliation = "EVASION - INRIA Grenoble Rh{\^o}ne-Alpes / LJK Laboratoire Jean Kuntzmann , SHACRA - INRIA Lille - Nord Europe / INRIA Nancy - Grand Est / LIFL",
	audience = "internationale",
	author = "Jerabkova, Lenka and Bousquet, Guillaume and Barbier, S{\'e}bastien and Faure, Fran\c{c}ois and Allard, J{\'e}r{\'e}mie",
	doi = "10.1016/j.pbiomolbio.2010.09.012",
	file = "pbmb10.pdf:http\://hal.inria.fr/inria-00550267/PDF/pbmb10.pdf:PDF",
	hal_id = "inria-00550267",
	journal = "Progress in Biophysics and Molecular Biology",
	keywords = "mechanical simulation biomechanics computer graphics surgery simulation cutting",
	language = "Anglais",
	month = dec,
	note = "Special Issue on Biomechanical Modelling of Soft Tissue Motion",
	number = "2-3",
	old_key = "jerabkova:2010:cutting",
	owner = "nathan",
	pages = "217--224",
	publisher = "Elsevier",
	timestamp = "2016.08.09",
	title = "{Volumetric modeling and interactive cutting of deformable bodies}",
	volume = "103",
	year = "2010"
}

@article{JiangSSTS:2015,
	author = "Jiang, Chenfanfu and Schroeder, Craig and Selle, Andrew and Teran, Joseph and Stomakhin, Alexey",
	journal = "ACM Trans. Graph.",
	number = "4",
	old_key = "Jiang:2015:APM",
	owner = "nathan",
	pages = "51:1--51:10",
	timestamp = "2016.08.09",
	title = "{The Affine Particle-in-cell Method}",
	volume = "34",
	year = "2015"
}

@inproceedings{JobsoRW:1995,
	author = "Jobson, Daniel J and Rahman, {Zia-ur} and Woodell, Glenn A",
	booktitle = "{Proceedings of the IS\&T Fourth Color Imaging Conference: Color Science, Systems, and Applications}",
	old_key = "Jobs95",
	organization = "The Society for Imaging Science and Technology",
	pages = "124--125",
	title = "{Retinex image processing: Improved fidelity to direct visual observation}",
	volume = "4",
	year = "1995"
}

@article{JoshiMDGS:2007,
	__markedentry = "[nathan:6]",
	acmid = "1276466",
	articleno = "71",
	author = "Joshi, Pushkar and Meyer, Mark and DeRose, Tony and Green, Brian and Sanocki, Tom",
	doi = "10.1145/1276377.1276466",
	issn = "0730-0301",
	issue_date = "July 2007",
	journal = "ACM Trans. Graph.",
	keywords = "barycentric coordinates; free form deformations; mean value coordinates; rigging",
	month = jul,
	number = "3",
	old_key = "Joshi:2007:HCC:1276377.1276466",
	owner = "nathan",
	publisher = "ACM",
	timestamp = "2016.10.31",
	title = "{Harmonic Coordinates for Character Articulation}",
	volume = "26",
	year = "2007"
}

@article{JungKNH:2013,
	__markedentry = "[nathan:]",
	author = "Jung, Hwi-Ryong and Kim, Sun-Tae and Noh, Junyong and Hong, Jeong-Mo",
	journal = "Computer Animation and Virtual Worlds",
	number = "3-4",
	old_key = "CAV:CAV1498",
	owner = "nathan",
	pages = "185--193",
	timestamp = "2016.10.31",
	title = "{A heterogeneous {CPU}-{GPU} parallel approach to a multigrid Poisson solver for incompressible fluid simulation}",
	volume = "24",
	year = "2013"
}

@techreport{KoestGWT:2008,
	author = "K{\"o}ster, M. and G{\"o}ddeke, D. and Wobker, H. and Turek, S.",
	institution = "Fakult{\"a}t f{\"u}r Mathematik, TU Dortmund",
	note = "Ergebnisberichte des Instituts f{\"u}r Angewandte Mathematik, Nummer 382",
	old_key = "KGWT08",
	owner = "nathan",
	timestamp = "2016.10.31",
	title = "{How to gain speedups of 1000 on single processors with fast {FEM} solvers {}--{} Benchmarking numerical and computational efficiency}",
	year = "2008"
}

@phdthesis{Kartc:2000,
	author = "Kartch, Daniel",
	old_key = "kartch:2000:ERA",
	school = "Cornell University",
	title = "{Efficient Rendering and Compression for Full-Parallax Computer-Generated Holographic Stereograms}",
	year = "2000"
}

@article{KaufmMBGG:2009,
	author = "Kaufmann, Peter and Martin, Sebastian and Botsch, Mario and Grinspun, Eitan and Gross, Markus",
	journal = "ACM Trans. Graph.",
	number = "3",
	old_key = "Kaufmann:2009:ETD",
	owner = "nathan",
	pages = "50:1--50:10",
	timestamp = "2016.08.09",
	title = "{Enrichment Textures for Detailed Cutting of Shells}",
	volume = "28",
	year = "2009"
}

@article{KaufmMBG:2009,
	acmid = "1551026",
	author = "Kaufmann, Peter and Martin, Sebastian and Botsch, Mario and Gross, Markus",
	doi = "10.1016/j.gmod.2009.02.002",
	issn = "1524-0703",
	issue_date = "July, 2009",
	journal = "Graph. Models",
	keywords = "Discontinuous Galerkin; Finite element methods; Physically-based simulation",
	month = jul,
	number = "4",
	numpages = "15",
	old_key = "kaufmann:2009:galerkin",
	owner = "nathan",
	pages = "153--167",
	publisher = "Academic Press Professional, Inc.",
	timestamp = "2016.08.09",
	title = "{Flexible Simulation of Deformable Models Using Discontinuous Galerkin {FEM}}",
	volume = "71",
	year = "2009"
}

@article{KaufmMBG:2009b,
	author = "Kaufmann, P. and Martin, S. and Botsch, M. and Gross, M.",
	journal = "Graphical Models",
	number = "4",
	old_key = "kaufmann:2009:dg",
	owner = "nathan",
	pages = "153--167",
	publisher = "Academic Press Professional, Inc. San Diego, CA, USA",
	timestamp = "2016.10.31",
	title = "{Flexible simulation of deformable models using discontinuous Galerkin FEM}",
	volume = "71",
	year = "2009"
}

@inproceedings{KaufmMBG:2008,
	author = "Kaufmann, P. and Martin, S. and Botsch, M. and Gross, M.",
	booktitle = "{ACM SIGGRAPH/Eurographics Symp. on Comp. Animation}",
	old_key = "kaufmann:2008:discontinuous",
	owner = "nathan",
	timestamp = "2016.10.31",
	title = "{Flexible Simulation of Deformable Models Using Discontinuous Galerkin FEM}",
	year = "2008"
}

@article{KavanCZO:2008,
	__markedentry = "[nathan:6]",
	acmid = "1409627",
	articleno = "105",
	author = "Kavan, Ladislav and Collins, Steven and \v{Z}{\'a}ra, Ji\v{r}{\'i} and O'Sullivan, Carol",
	doi = "10.1145/1409625.1409627",
	issn = "0730-0301",
	issue_date = "October 2008",
	journal = "ACM Trans. Graph.",
	keywords = "Skinning; dual quaternions; linear combinations; rigid transformations; transformation blending",
	month = nov,
	number = "4",
	numpages = "23",
	old_key = "Kavan:2008:GSA:1409625.1409627",
	owner = "nathan",
	pages = "105:1--105:23",
	publisher = "ACM",
	timestamp = "2016.10.31",
	title = "{Geometric Skinning with Approximate Dual Quaternion Blending}",
	volume = "27",
	year = "2008"
}

@inproceedings{KavanCO:2009,
	__markedentry = "[nathan:6]",
	acmid = "1507157",
	author = "Kavan, Ladislav and Collins, Steven and O'Sullivan, Carol",
	doi = "10.1145/1507149.1507157",
	isbn = "978-1-60558-429-4",
	keywords = "approximation; linearization; skinning",
	location = "Boston, Massachusetts",
	numpages = "8",
	old_key = "Kavan:2009:ALN:1507149.1507157",
	owner = "nathan",
	pages = "49--56",
	publisher = "ACM",
	series = "{I3D '09}",
	timestamp = "2016.10.31",
	title = "{Automatic Linearization of Nonlinear Skinning}",
	year = "2009"
}

@article{KavanS:2012,
	acmid = "2366215",
	articleno = "196",
	author = "Kavan, Ladislav and Sorkine, Olga",
	doi = "10.1145/2366145.2366215",
	issn = "0730-0301",
	issue_date = "November 2012",
	journal = "ACM Trans. Graph.",
	keywords = "elasticity; skeletal shape deformation; skinning",
	month = nov,
	number = "6",
	numpages = "8",
	old_key = "Kavan:2012:EDC:2366145.2366215",
	owner = "nathan",
	pages = "196:1--196:8",
	publisher = "ACM",
	timestamp = "2016.08.09",
	title = "{Elasticity-inspired Deformers for Character Articulation}",
	volume = "31",
	year = "2012"
}

@article{KazhdH:2008,
	address = "New York, NY, USA",
	author = "Kazhdan, M. and Hoppe, H.",
	doi = "10.1145/1360612.1360620",
	issn = "0730-0301",
	journal = "ACM Trans. Graph.",
	number = "3",
	old_key = "KH08",
	owner = "nathan",
	pages = "1--10",
	publisher = "ACM",
	timestamp = "2016.10.31",
	title = "{Streaming multigrid for gradient-domain operations on large images}",
	volume = "27",
	year = "2008"
}

@article{KhareMOD:2009,
	acmid = "1531357",
	articleno = "51",
	author = "Kharevych, Lily and Mullen, Patrick and Owhadi, Houman and Desbrun, Mathieu",
	doi = "10.1145/1531326.1531357",
	issn = "0730-0301",
	issue_date = "August 2009",
	journal = "ACM Trans. Graph.",
	keywords = "homogenization; model coarsening; model reduction",
	month = jul,
	number = "3",
	numpages = "8",
	old_key = "kharevych:2009:numericalcoarsening",
	owner = "nathan",
	pages = "51:1--51:8",
	publisher = "ACM",
	timestamp = "2016.08.09",
	title = "{Numerical Coarsening of Inhomogeneous Elastic Materials}",
	volume = "28",
	year = "2009"
}

@article{KhareMOD:2009b,
	author = "Kharevych, L. and Mullen, P. and Owhadi, H. and Desbrun, M.",
	journal = "ACM Trans. on Graphics (SIGGRAPH Proc.)",
	number = "3",
	old_key = "kharevych2009numerical",
	pages = "51",
	title = "{Numerical coarsening of inhomogeneous elastic materials}",
	volume = "28",
	year = "2009"
}

@article{KhodaSA:2005,
	author = "Khodakovsky, A. and Schr{\"o}der, P. and Aksoylu, B.",
	journal = "SIAM J. Sci. Comput",
	number = "4",
	old_key = "aksoylu:2005:multilevel",
	owner = "nathan",
	timestamp = "2016.10.31",
	title = "{Multilevel Solvers For Unstructured Surface Meshes}",
	volume = "26",
	year = "2005"
}

@article{KimCDS:2007,
	author = "Kim, Jung and Choi, Changmok and De, Suvranu and Srinivasan, Mandayam A.",
	doi = "10.1002/rcs.140",
	issn = "1478-596X",
	journal = "The International Journal of Medical Robotics and Computer Assisted Surgery",
	keywords = "physically-based organ model; surgical simulation; real-time computation",
	number = "2",
	old_key = "Jung:2007:multiresorgan",
	owner = "nathan",
	pages = "149--158",
	publisher = "John Wiley \& Sons, Ltd.",
	timestamp = "2016.08.09",
	title = "{Virtual surgery simulation for medical training using multi-resolution organ models}",
	volume = "3",
	year = "2007"
}

@article{KimP:2011,
	author = "Kim, J. and Pollard, N.S.",
	journal = "ACM Transactions on Graphics (TOG)",
	number = "5",
	old_key = "kim2011fast",
	pages = "121",
	publisher = "ACM",
	title = "{Fast simulation of skeleton-driven deformable body characters}",
	volume = "30",
	year = "2011"
}

@article{KimP:2011b,
	acmid = "2019640",
	articleno = "121",
	author = "Kim, Junggon and Pollard, Nancy S.",
	doi = "10.1145/2019627.2019640",
	issn = "0730-0301",
	issue_date = "October 2011",
	journal = "ACM Trans. Graph.",
	keywords = "Physics simulation; deformable body; finite element method; hybrid dynamics; mesh embedding; parallel computing; physically-based simulation; skeleton; skeleton-driven deformable body",
	month = oct,
	number = "5",
	numpages = "19",
	old_key = "kim:2011:skeleton",
	owner = "nathan",
	pages = "121:1--121:19",
	publisher = "ACM",
	timestamp = "2016.08.09",
	title = "{Fast Simulation of Skeleton-driven Deformable Body Characters}",
	volume = "30",
	year = "2011"
}

@inproceedings{KimC:2007,
	address = "Aire-la-Ville, Switzerland, Switzerland",
	author = "Kim, T. and Carlson, M.",
	booktitle = "{SCA '07: Proceedings of the 2007 ACM SIGGRAPH/Eurographics symposium on Computer animation}",
	isbn = "978-1-59593-624-4",
	location = "San Diego, California",
	old_key = "KC07",
	owner = "nathan",
	pages = "27--34",
	publisher = "Eurographics Association",
	timestamp = "2016.10.31",
	title = "{A simple boiling module}",
	year = "2007"
}

@inproceedings{KimJ:2011,
	__markedentry = "[nathan:6]",
	acmid = "2019415",
	author = "Kim, Theodore and James, Doug L.",
	doi = "10.1145/2019406.2019415",
	isbn = "978-1-4503-0923-3",
	location = "Vancouver, British Columbia, Canada",
	numpages = "10",
	old_key = "Kim:2011:PCS:2019406.2019415",
	owner = "nathan",
	pages = "63--72",
	publisher = "ACM",
	series = "{SCA '11}",
	timestamp = "2016.10.31",
	title = "{Physics-based Character Skinning Using Multi-domain Subspace Deformations}",
	year = "2011"
}

@inproceedings{KimTJG:2008,
	acmid = "1360649",
	address = "New York, NY, USA",
	articleno = "50",
	author = "Kim, Theodore and Th{\"u}rey, Nils and James, Doug and Gross, Markus",
	booktitle = "{ACM SIGGRAPH 2008 Papers}",
	doi = "10.1145/1399504.1360649",
	isbn = "978-1-4503-0112-1",
	keywords = "fluids; noise; simulation control; turbulence; wavelets",
	location = "Los Angeles, California",
	numpages = "6",
	old_key = "Kim:2008:WaveletTurbulence",
	owner = "nathan",
	pages = "50:1--50:6",
	publisher = "ACM",
	series = "{SIGGRAPH '08}",
	timestamp = "2016.08.09",
	title = "{Wavelet Turbulence for Fluid Simulation}",
	url = "http://doi.acm.org/10.1145/1399504.1360649",
	year = "2008"
}

@article{KimTJG:2008b,
	address = "New York, NY, USA",
	author = "Kim, T. and Th{\"u}rey, N. and James, D. and Gross, M.",
	doi = "10.1145/1360612.1360649",
	issn = "0730-0301",
	journal = "ACM Trans. Graph.",
	number = "3",
	old_key = "KTJG08",
	owner = "nathan",
	pages = "1--6",
	publisher = "ACM",
	timestamp = "2016.10.31",
	title = "{Wavelet turbulence for fluid simulation}",
	volume = "27",
	year = "2008"
}

@article{KlingFCO:2006,
	address = "New York, NY, USA",
	author = "Klingner, B. and Feldman, B. and Chentanez, N. and O'Brien, J.",
	doi = "10.1145/1141911.1141961",
	issn = "0730-0301",
	journal = "ACM Trans. Graph.",
	number = "3",
	old_key = "KFCO06",
	owner = "nathan",
	pages = "820--825",
	publisher = "ACM",
	timestamp = "2016.10.31",
	title = "{Fluid animation with dynamic meshes}",
	volume = "25",
	year = "2006"
}

@inproceedings{KlingFCO:2006b,
	__markedentry = "[nathan:]",
	acmid = "1141961",
	author = "Klingner, Bryan and Feldman, Bryan and Chentanez, Nuttapong and O'Brien, James",
	doi = "10.1145/1179352.1141961",
	isbn = "1-59593-364-6",
	keywords = "computational fluid dynamics; natural phenomena; physically based animation",
	location = "Boston, Massachusetts",
	numpages = "6",
	old_key = "Klingner:2006:FluidDynamicMeshes",
	owner = "nathan",
	pages = "820--825",
	series = "{SIGGRAPH '06}",
	timestamp = "2016.10.31",
	title = "{Fluid Animation with Dynamic Meshes}",
	url = "http://doi.acm.org/10.1145/1179352.1141961",
	year = "2006"
}

@inproceedings{KobbeBSS:2001,
	author = "Kobbelt, Leif P. and Botsch, Mario and Schwanecke, Ulrich and Seidel, Hans-Peter",
	old_key = "Kobbelt:2001:surface",
	owner = "nathan",
	pages = "57--66",
	series = "{SIGGRAPH '01}",
	timestamp = "2016.08.09",
	title = "{Feature Sensitive Surface Extraction from Volume Data}",
	year = "2001"
}

@inproceedings{KruegW:2003,
	address = "New York, NY, USA",
	author = "Kr{\"u}ger, J. and Westermann, R.",
	booktitle = "{SIGGRAPH '03: ACM SIGGRAPH 2003 Papers}",
	doi = "10.1145/1201775.882363",
	isbn = "1-58113-709-5",
	location = "San Diego, California",
	old_key = "KW03",
	owner = "nathan",
	pages = "908--916",
	publisher = "ACM",
	timestamp = "2016.10.31",
	title = "{Linear algebra operators for GPU implementation of numerical algorithms}",
	year = "2003"
}

@inproceedings{KryJP:2002,
	__markedentry = "[nathan:6]",
	acmid = "545286",
	author = "Kry, Paul G. and James, Doug L. and Pai, Dinesh K.",
	doi = "10.1145/545261.545286",
	isbn = "1-58113-573-4",
	keywords = "hardware rendering; pose-space deformation; principal component analysis; skeletal-subspace deformation",
	location = "San Antonio, Texas",
	numpages = "7",
	old_key = "Kry:2002:ERT:545261.545286",
	owner = "nathan",
	pages = "153--159",
	publisher = "ACM",
	series = "{SCA '02}",
	timestamp = "2016.10.31",
	title = "{EigenSkin: Real Time Large Deformation Character Skinning in Hardware}",
	year = "2002"
}

@incollection{KuzmiLS:2013,
	author = "A.~Kuzmin and M.~Luisier and O.~Schenk",
	booktitle = "{Euro-Par 2013 Parallel Processing}",
	old_key = "pardiso1",
	owner = "nathan",
	pages = "533--544",
	series = "{LNCS}",
	timestamp = "2016.08.09",
	title = "{Fast Methods for Computing Selected Elements of the Greens Function in Massively Parallel Nanoelectronic Device Simulations}",
	volume = "8097",
	year = "2013"
}

@article{KwatrSGF:2009,
	author = "Kwatra, N. and Su, J. and Gr{\'e}tarsson, J.T. and Fedkiw, R.",
	journal = "J. Comput. Phys.",
	number = "11",
	old_key = "kwatra:2009:semiimplicitcompressible",
	owner = "nathan",
	pages = "4146--4161",
	timestamp = "2016.08.09",
	title = "{A method for avoiding the acoustic time step restriction in compressible flow}",
	volume = "228",
	year = "2009"
}

@article{LabelS:2007,
	author = "Labelle, Fran\c{c}ois and Shewchuk, Jonathan",
	journal = "ACM TOG",
	number = "3",
	old_key = "labelle:2007:isosurface",
	owner = "nathan",
	timestamp = "2016.08.09",
	title = "{Isosurface Stuffing: Fast Tetrahedral Meshes with Good Dihedral Angles}",
	volume = "26",
	year = "2007"
}

@article{LadicJSPG:2015,
	author = "Ladick{\'y}, L'ubor and Jeong, SoHyeon and Solenthaler, Barbara and Pollefeys, Marc and Gross, Markus",
	journal = "ACM Trans. Graph.",
	number = "6",
	old_key = "Ladicky:2015:DFS",
	owner = "nathan",
	pages = "199:1--199:9",
	timestamp = "2016.08.09",
	title = "{Data-driven Fluid Simulations Using Regression Forests}",
	volume = "34",
	year = "2015"
}

@misc{Landi:2002,
	author = "Landis, H.",
	howpublished = "ACM SIGGRAPH 2002 Course \#16 Notes",
	month = "July",
	old_key = "notes2002",
	title = "{Global Illumination in Production}",
	year = "2002"
}

@article{LeeST:2009,
	author = "Lee, S.-H. and Sifakis, E. and Terzopoulos, D.",
	journal = "ACM Transactions on Graphics",
	number = "4",
	old_key = "lee:2009:biomechanical",
	owner = "nathan",
	pages = "1--17",
	timestamp = "2016.08.09",
	title = "{Comprehensive biomechanical modeling and simulation of the upper body}",
	volume = "28",
	year = "2009"
}

@article{LeeST:2009b,
	acmid = "1559756",
	articleno = "99",
	author = "Lee, Sung-Hee and Sifakis, Eftychios and Terzopoulos, Demetri",
	doi = "10.1145/1559755.1559756",
	issn = "0730-0301",
	issue_date = "August 2009",
	journal = "ACM Trans. Graph.",
	keywords = "Human modeling and animation; biomechanics; finite elements; muscle-based animation; rigid/deformable dynamics and control; soft tissue simulation",
	month = sep,
	number = "4",
	numpages = "17",
	old_key = "Lee:2009:CBM:1559755.1559756",
	owner = "nathan",
	pages = "99:1--99:17",
	publisher = "ACM",
	timestamp = "2016.08.09",
	title = "{Comprehensive Biomechanical Modeling and Simulation of the Upper Body}",
	volume = "28",
	year = "2009"
}

@book{Leigh:1994,
	author = "Leighton, T. G.",
	old_key = "leighton:1994:AB",
	owner = "nathan",
	publisher = "Academic Press",
	timestamp = "2016.08.09",
	title = "{The Acoustic Bubble}",
	year = "1994"
}

@article{LekieM:2005,
	author = "Lekien, F. and Marsden, J.",
	journal = "Journal of Numerical Methods and Engineering",
	old_key = "Lekien05tricubicinterpolation",
	pages = "455--471",
	title = "{Tricubic Interpolation in Three Dimensions}",
	volume = "63",
	year = "2005"
}

@article{LentiZF:2010,
	author = "Lentine, Michael and Zheng, Wen and Fedkiw, Ronald",
	journal = "ACM Trans. Graph.",
	number = "4",
	old_key = "Lentine:2010:NAI",
	owner = "nathan",
	pages = "114:1--114:9",
	timestamp = "2016.08.09",
	title = "{A Novel Algorithm for Incompressible Flow Using Only a Coarse Grid Projection}",
	volume = "29",
	year = "2010"
}

@inproceedings{LevoyPCRKPGADGSF:2000,
	abstract = "We describe a hardware and software system for digitizing the shape and color of large fragile objects under non-laboratory conditions. Our system employs laser triangulation rangefinders, laser time-of-flight rangefinders, digital still cameras, and a suite of software for acquiring, aligning, merging, and viewing scanned data. As a demonstration of this system, we digitized 10 statues by Michelangelo, including the well-known figure of David, two building interiors, and all 1,163 extant fragments of the Forma Urbis Romae, a giant marble map of ancient Rome. Our largest single dataset is of the David - 2 billion polygons and 7,000 color images. In this paper,we discuss the challenges we faced in building this system, the solutions we employed, and the lessons we learned. We focus in particular on the unusual design of our laser triangulation scanner and on the algorithms and software we developed for handling very large scanned models.",
	address = "New York",
	author = "Levoy, Marc and Pulli, Kari and Curless, Brian and Rusinkiewicz, Szymon and Koller, David and Pereira, Lucas and Ginzton, Matt and Anderson, Sean and Davis, James and Ginsberg, Jeremy and Shade, Jonathan and Fulk, Duane",
	booktitle = "{Proceedings of SIGGRAPH 2000}",
	editor = "Akeley, Kurt",
	keywords = "3D scanning; rangefinding; sensor fusion; range images; mesh generation; reflectance and shading models; graphics systems; cultural heritage",
	old_key = "levoy:2000:TDM",
	organization = "ACM",
	pages = "131--144",
	publisher = "ACM Press / ACM SIGGRAPH",
	series = "{Computer Graphics Proceedings, Annual Conference Series}",
	title = "{The Digital Michelangelo Project}",
	year = "2000"
}

@inproceedings{LewisCF:2000,
	acmid = "344862",
	author = "Lewis, J. P. and Cordner, Matt and Fong, Nickson",
	doi = "10.1145/344779.344862",
	isbn = "1-58113-208-5",
	keywords = "animation; applications; deformation; facial animation; morphing",
	numpages = "8",
	old_key = "Lewis:2000:PSD:344779.344862",
	owner = "nathan",
	pages = "165--172",
	publisher = "ACM Press/Addison-Wesley Publishing Co.",
	series = "{SIGGRAPH '00}",
	timestamp = "2016.08.09",
	title = "{Pose Space Deformation: A Unified Approach to Shape Interpolation and Skeleton-driven Deformation}",
	year = "2000"
}

@article{LiSNP:2013,
	__markedentry = "[nathan:6]",
	acmid = "2462008",
	address = "New York, NY, USA",
	articleno = "49",
	author = "Li, Duo and Sueda, Shinjiro and Neog, Debanga R. and Pai, Dinesh K.",
	doi = "10.1145/2461912.2462008",
	issn = "0730-0301",
	issue_date = "July 2013",
	journal = "ACM Trans. Graph.",
	keywords = "constrained simulation; eulerian simulation; faces; hands; physically-based simulation; skin",
	month = jul,
	number = "4",
	numpages = "10",
	old_key = "Li:2013:ThinSkin",
	owner = "nathan",
	pages = "49:1--49:10",
	publisher = "ACM",
	timestamp = "2016.10.31",
	title = "{Thin Skin Elastodynamics}",
	volume = "32",
	year = "2013"
}

@inproceedings{LindbT:2007,
	acmid = "1236307",
	author = "Lindblad, Alex and Turkiyyah, George",
	doi = "10.1145/1236246.1236307",
	isbn = "978-1-59593-666-0",
	keywords = "finite element models; haptic interaction; surgical simulation; topological changes",
	location = "Beijing, China",
	numpages = "9",
	old_key = "lindblad:2007:realtimehaptic",
	owner = "nathan",
	pages = "421--429",
	publisher = "ACM",
	series = "{SPM '07}",
	timestamp = "2016.08.09",
	title = "{A Physically-based Framework for Real-time Haptic Cutting and Interaction with 3D Continuum Models}",
	year = "2007"
}

@article{LiuMHTD:2015,
	author = "Liu, Beibei and Mason, Gemma and Hodgson, Julian and Tong, Yiying and Desbrun, Mathieu",
	journal = "ACM Trans. Graph.",
	number = "6",
	old_key = "Liu:2015:MVF",
	owner = "nathan",
	pages = "244:1--244:12",
	timestamp = "2016.08.09",
	title = "{Model-reduced Variational Fluid Simulation}",
	volume = "34",
	year = "2015"
}

@inproceedings{LongR:2009,
	author = "Long, Benjamin and Reinhard, Erik",
	booktitle = "{Proceedings of the 2009 Symposium on Interactive 3D Graphics and Games}",
	old_key = "Long:2009:RFS",
	owner = "nathan",
	pages = "99--106",
	series = "{I3D '09}",
	timestamp = "2016.08.09",
	title = "{Real-time Fluid Simulation Using Discrete Sine/Cosine Transforms}",
	year = "2009"
}

@article{LorenC:1987,
	author = "Lorensen, William E. and Cline, Harvey E.",
	journal = "SIGGRAPH",
	number = "4",
	old_key = "Lorensen:1987:MCH",
	owner = "nathan",
	pages = "163--169",
	timestamp = "2016.08.09",
	title = "{Marching Cubes: A High Resolution 3D Surface Construction Algorithm}",
	volume = "21",
	year = "1987"
}

@article{LosasFO:2005,
	author = "Losasso, Frank and Fedkiw, Ronald and Osher, Stanley",
	journal = "Computers and Fluids",
	old_key = "Losasso:2005:SATLMIF",
	owner = "nathan",
	pages = "2006",
	timestamp = "2016.08.09",
	title = "{Spatially adaptive techniques for level set methods and incompressible flow}",
	volume = "35",
	year = "2005"
}

@inproceedings{LosasGF:2004,
	address = "New York, NY, USA",
	author = "Losasso, F. and Gibou, F. and Fedkiw, R.",
	booktitle = "{SIGGRAPH '04: ACM SIGGRAPH 2004 Papers}",
	doi = "10.1145/1186562.1015745",
	location = "Los Angeles, California",
	old_key = "LGF04",
	owner = "nathan",
	pages = "457--462",
	publisher = "ACM",
	timestamp = "2016.10.31",
	title = "{Simulating water and smoke with an octree data structure}",
	year = "2004"
}

@article{LosasGF:2004b,
	author = "Losasso, F. and Gibou, F. and Fedkiw, R.",
	journal = "ACM Trans. Graph. (SIGGRAPH Proc.)",
	old_key = "losasso:2004:octree",
	owner = "nathan",
	pages = "457--462",
	timestamp = "2016.10.31",
	title = "{Simulating Water and Smoke with an Octree Data Structure}",
	volume = "23",
	year = "2004"
}

@article{LosasSSF:2006,
	address = "New York, NY, USA",
	author = "Losasso, F. and Shinar, T. and Selle, A. and Fedkiw, R.",
	doi = "10.1145/1141911.1141960",
	issn = "0730-0301",
	journal = "ACM Trans. Graph.",
	number = "3",
	old_key = "LTSF06",
	owner = "nathan",
	pages = "812--819",
	publisher = "ACM",
	timestamp = "2016.10.31",
	title = "{Multiple interacting liquids}",
	volume = "25",
	year = "2006"
}

@article{LosasTKF:2008,
	author = "Losasso, Frank and Talton, Jerry and Kwatra, Nipun and Fedkiw, Ronald",
	journal = "IEEE Transactions on Visualization and Computer Graphics",
	number = "4",
	old_key = "Losasso:2008:TCS",
	owner = "nathan",
	pages = "797--804",
	timestamp = "2016.08.09",
	title = "{Two-Way Coupled {SPH} and Particle Level Set Fluid Simulation}",
	volume = "14",
	year = "2008"
}

@inproceedings{MuellDMJC:2002,
	author = "M{\"u}ller, M. and Dorsey, J. and McMillan, L. and Jagnow, R. and Cutler, B.",
	booktitle = "{ACM SIGGRAPH Symp. on Comput. Anim.}",
	old_key = "muller:2002:stablerealtimedefs",
	owner = "nathan",
	pages = "49--54",
	timestamp = "2016.10.31",
	title = "{Stable Real-Time Deformations}",
	year = "2002"
}

@inproceedings{MuellG:2004,
	author = "M{\"u}ller, M. and Gross, M.",
	booktitle = "{Graph. Interface}",
	month = "May",
	old_key = "muller:2004:interactive",
	owner = "nathan",
	pages = "239--246",
	timestamp = "2016.10.31",
	title = "{Interactive Virtual Materials}",
	year = "2004"
}

@article{MuellHHR:2007,
	author = "M{\"u}ller, Matthias and Heidelberger, Bruno and Hennix, Marcus and Ratcliff, John",
	doi = "10.1016/j.jvcir.2007.01.005",
	journal = "Journal of Visual Communication and Image Representation",
	number = "2",
	old_key = "muller2007position",
	owner = "nathan",
	pages = "109--118",
	publisher = "Elsevier",
	timestamp = "2016.08.09",
	title = "{Position based dynamics}",
	volume = "18",
	year = "2007"
}

@article{MuellHTG:2005,
	author = "M{\"u}ller, M. and Heidelberger, B. and Teschner, M. and Gross, M.",
	journal = "ACM Trans. Graph. (SIGGRAPH Proc.)",
	number = "3",
	old_key = "muller:2005:meshless",
	owner = "nathan",
	pages = "471--478",
	timestamp = "2016.10.31",
	title = "{Meshless Deformations Based On Shape Matching}",
	volume = "24",
	year = "2005"
}

@inproceedings{MuellTG:2004,
	author = "M{\"u}ller, M. and Teschner, M. and Gross, M.",
	booktitle = "{Proc. Computer Graphics International}",
	month = "June",
	old_key = "muller:2004:objects",
	owner = "nathan",
	pages = "156--165",
	timestamp = "2016.10.31",
	title = "{Physically-Based simulation of Objects Represented by Surface Meshes}",
	year = "2004"
}

@inproceedings{MuellCG:2003,
	acmid = "846298",
	author = "M{\"u}ller, Matthias and Charypar, David and Gross, Markus",
	isbn = "1-58113-659-5",
	location = "San Diego, California",
	numpages = "6",
	old_key = "Muller:2003:PFS",
	owner = "nathan",
	pages = "154--159",
	series = "{SCA '03}",
	timestamp = "2016.08.09",
	title = "{Particle-based Fluid Simulation for Interactive Applications}",
	url = "http://dl.acm.org/citation.cfm?id=846276.846298",
	year = "2003"
}

@inproceedings{MuellCKM:2014,
	acmid = "2849542",
	address = "Aire-la-Ville, Switzerland, Switzerland",
	author = "M{\"u}ller, Matthias and Chentanez, Nuttapong and Kim, Tae-Yong and Macklin, Miles",
	booktitle = "{SCA '14}",
	location = "Copenhagen, Denmark",
	numpages = "9",
	old_key = "Muller:2015:Strain",
	owner = "nathan",
	pages = "149--157",
	publisher = "Eurographics Association",
	series = "{SCA '14}",
	timestamp = "2016.08.09",
	title = "{Strain Based Dynamics}",
	url = "http://dl.acm.org/citation.cfm?id=2849517.2849542",
	year = "2014"
}

@article{MuellHHR:2007b,
	acmid = "1234575",
	address = "Orlando, FL, USA",
	author = "M{\"u}ller, Matthias and Heidelberger, Bruno and Hennix, Marcus and Ratcliff, John",
	doi = "10.1016/j.jvcir.2007.01.005",
	issn = "1047-3203",
	issue_date = "April, 2007",
	journal = "J. Vis. Comun. Image Represent.",
	keywords = "Cloth simulation; Game physics; Integration schemes; Physically based simulation",
	month = apr,
	number = "2",
	numpages = "10",
	old_key = "Muller:2007:Position",
	owner = "nathan",
	pages = "109--118",
	publisher = "Academic Press, Inc.",
	timestamp = "2016.08.09",
	title = "{Position Based Dynamics}",
	volume = "18",
	year = "2007"
}

@article{MacklM:2013,
	author = "Macklin, Miles and M{\"u}ller, Matthias",
	journal = "ACM Trans. Graph.",
	number = "4",
	old_key = "Macklin:2013:PBF",
	owner = "nathan",
	pages = "104:1--104:12",
	timestamp = "2016.08.09",
	title = "{Position Based Fluids}",
	volume = "32",
	year = "2013"
}

@article{MacklMCK:2014,
	author = "Macklin, Miles and M{\"u}ller, Matthias and Chentanez, Nuttapong and Kim, Tae-Yong",
	journal = "ACM Trans. Graph.",
	number = "4",
	old_key = "Macklin:2014:UPP",
	owner = "nathan",
	pages = "153:1--153:12",
	timestamp = "2016.08.09",
	title = "{Unified Particle Physics for Real-time Applications}",
	volume = "33",
	year = "2014"
}

@inproceedings{MagneLT:1988,
	acmid = "102317",
	author = "Magnenat-Thalmann, N. and Laperri{\`e}re, R. and Thalmann, D.",
	location = "Edmonton, Alberta, Canada",
	numpages = "8",
	old_key = "Magnenat-Thalmann:1989:JLD:102313.102317",
	owner = "nathan",
	pages = "26--33",
	publisher = "Canadian Information Processing Society",
	timestamp = "2016.08.09",
	title = "{Joint-dependent Local Deformations for Hand Animation and Object Grasping}",
	url = "http://dl.acm.org/citation.cfm?id=102313.102317",
	year = "1988"
}

@incollection{MarchADC:2008,
	abstract = "{Computational techniques for the analysis of mechanical problems have recently moved from traditional engineering disciplines to biomedical simulations. Thus, the number of complex models describing the mechanical behavior of medical environments have increased these last years. While the development of advanced computational tools has led to interesting modeling algorithms, the relevances of these models are often criticized due to incomplete model verification and validation. The objective of this paper is to propose a framework and a methodology for assessing deformable models. This proposal aims at providing tools for testing the behavior of new modeling algorithms proposed in the context of medical simulation. Initial validation results comparing different modeling methods are reported as a first step towards a more complete validation framework and methodology.}",
	affiliation = "Techniques de l'Ing{\'e}nierie M{\'e}dicale et de la Complexit{\'e} - Informatique, Math{\'e}matiques et Applications, Grenoble - TIMC-IMAG , SHACRA - INRIA Lille - Nord Europe / INRIA Nancy - Grand Est / LIFL , Laboratoire d'Informatique Fondamentale de Lille - LIFL",
	audience = "internationale",
	author = "Marchal, Maud and Allard, J{\'e}r{\'e}mie and Duriez, Christian and Cotin, St{\'e}phane",
	booktitle = "{ISBMS '08}",
	doi = "10.1007/978-3-540-70521-5_19",
	editor = "{Fernando Bello}, Philip J. Edwards",
	hal_id = "hal-00841569",
	isbn = "978-3-540-70521-5",
	language = "Anglais",
	old_key = "marchal:2008:framework",
	owner = "nathan",
	pages = "176--184",
	publisher = "Springer Berlin Heidelberg",
	series = "{Lecture Notes in Computer Science}",
	timestamp = "2016.08.09",
	title = "{Towards a Framework for Assessing Deformable Models in Medical Simulation}",
	volume = "5104",
	year = "2008"
}

@article{McAdaSWST:2009,
	author = "McAdams, Aleka and Selle, Andrew and Ward, Kelly and Sifakis, Eftychios and Teran, Joseph",
	journal = "ACM Trans. Graph.",
	number = "3",
	old_key = "McAdams:2009:DPC",
	owner = "nathan",
	pages = "62:1--62:6",
	timestamp = "2016.08.09",
	title = "{Detail Preserving Continuum Simulation of Straight Hair}",
	volume = "28",
	year = "2009"
}

@inproceedings{McAdaST:2010,
	author = "McAdams, A. and Sifakis, E. and Teran, J.",
	booktitle = "{Proceedings of the 2010 ACM SIGGRAPH/Eurographics Symposium on Computer Animation}",
	old_key = "McAdams:2010:PMP:1921427.1921438",
	pages = "65--74",
	title = "{A parallel multigrid {P}oisson solver for fluids simulation on large grids}",
	year = "2010"
}

@article{McAdaZSETTS:2011,
	acmid = "1964932",
	articleno = "37",
	author = "McAdams, Aleka and Zhu, Yongning and Selle, Andrew and Empey, Mark and Tamstorf, Rasmus and Teran, Joseph and Sifakis, Eftychios",
	doi = "10.1145/2010324.1964932",
	issn = "0730-0301",
	issue_date = "July 2011",
	journal = "ACM Trans. Graph.",
	keywords = "corotated elasticity; elastic deformations; physics-based modeling; skinning",
	month = jul,
	number = "4",
	numpages = "12",
	old_key = "mcadams:2011:skinningcollisions",
	owner = "nathan",
	pages = "37:1--37:12",
	publisher = "ACM",
	timestamp = "2016.08.09",
	title = "{Efficient Elasticity for Character Skinning with Contact and Collisions}",
	volume = "30",
	year = "2011"
}

@article{McAdaZSETTS:2011b,
	author = "McAdams, A. and Zhu, Y. and Selle, A. and Empey, M. and Tamstorf, R. and Teran, J. and Sifakis, E.",
	journal = "ACM Transactions on Graphics (SIGGRAPH Proceedings)",
	number = "4",
	old_key = "mcadams2011efficient",
	pages = "37",
	publisher = "ACM",
	title = "{Efficient elasticity for character skinning with contact and collisions}",
	volume = "30",
	year = "2011"
}

@article{McNamTPS:2004,
	address = "New York, NY, USA",
	author = "McNamara, A. and Treuille, A. and Popovi{\'c}, Z. and Stam, J.",
	doi = "10.1145/1015706.1015744",
	issn = "0730-0301",
	journal = "ACM Trans. Graph.",
	number = "3",
	old_key = "MTPS04",
	owner = "nathan",
	pages = "449--456",
	publisher = "ACM",
	timestamp = "2016.10.31",
	title = "{Fluid control using the adjoint method}",
	volume = "23",
	year = "2004"
}

@inproceedings{MendoL:2003,
	author = "Mendoza, Cesar and Laugier, Christian",
	old_key = "mendoza:2003:simulating",
	organization = "IEEE",
	owner = "nathan",
	pages = "1109--1114",
	series = "{ICRA '03}",
	timestamp = "2016.08.09",
	title = "{Simulating Soft Tissue Cutting using Finite Element Models}",
	volume = "1",
	year = "2003"
}

@article{MitchCS:2015,
	address = "New York, NY, USA",
	author = "Mitchell, Nathan and Cutting, Court and Sifakis, Eftychios",
	doi = "10.1145/2766918",
	issue_date = "July 2015",
	journal = "ACM Trans. Graph.",
	month = jul,
	old_key = "Mitchell:2015:GRIDiron",
	owner = "nathan",
	publisher = "ACM",
	timestamp = "2016.08.09",
	title = "{{GRIDiron}: An Interactive Authoring and Cognitive Training Foundation for Reconstructive Plastic Surgery Procedures}",
	year = "2015"
}

@article{MoeesDB:1999,
	author = "Mo{\"e}s, Nicolas and Dolbow, John and Belytschko, Ted",
	journal = "IJNME",
	old_key = "Moes:1999:XFEM",
	owner = "nathan",
	pages = "131--150",
	timestamp = "2016.08.09",
	title = "{A finite element method for crack growth without remeshing}",
	volume = "46",
	year = "1999"
}

@article{MohrG:2003,
	acmid = "882308",
	author = "Mohr, Alex and Gleicher, Michael",
	doi = "10.1145/882262.882308",
	issn = "0730-0301",
	issue_date = "July 2003",
	journal = "ACM Trans. Graph.",
	keywords = "approximation; interactive; skin",
	month = jul,
	number = "3",
	numpages = "7",
	old_key = "Mohr:2003:BEA:882262.882308",
	owner = "nathan",
	pages = "562--568",
	publisher = "ACM",
	timestamp = "2016.08.09",
	title = "{Building Efficient, Accurate Character Skins from Examples}",
	volume = "22",
	year = "2003"
}

@inproceedings{MolemCPN:2008,
	acmid = "1632595",
	address = "Aire-la-Ville, Switzerland",
	author = "Molemaker, Jeroen and Cohen, Jonathan M. and Patel, Sanjit and Noh, Jonyong",
	booktitle = "{Proceedings of the 2008 ACM SIGGRAPH/Eurographics Symposium on Computer Animation}",
	isbn = "978-3-905674-10-1",
	location = "Dublin, Ireland",
	numpages = "10",
	old_key = "Molemaker:2008:LowViscosityFlow",
	owner = "nathan",
	pages = "9--18",
	publisher = "Eurographics Association",
	series = "{SCA '08}",
	timestamp = "2016.08.09",
	title = "{Low Viscosity Flow Simulations for Animation}",
	url = "http://dl.acm.org/citation.cfm?id=1632592.1632595",
	year = "2008"
}

@article{MolinBF:2004,
	acmid = "1015734",
	author = "Molino, Neil and Bao, Zhaosheng and Fedkiw, Ron",
	doi = "10.1145/1015706.1015734",
	issn = "0730-0301",
	issue_date = "August 2004",
	journal = "ACM Trans. Graph.",
	keywords = "changing mesh topology; finite elements; fracture; sculpting; virtual surgery",
	month = aug,
	number = "3",
	numpages = "8",
	old_key = "molino:2004:virtualnode",
	owner = "nathan",
	pages = "385--392",
	publisher = "ACM",
	timestamp = "2016.08.09",
	title = "{A Virtual Node Algorithm for Changing Mesh Topology During Simulation}",
	volume = "23",
	year = "2004"
}

@inproceedings{MosegS:2006,
	author = "Mosegaard, J. and S{\o}rensen, T. S.",
	booktitle = "{SIGGRAPH 2006 Sketches {\&} Applications}",
	old_key = "mosegaard:2006:surgical",
	owner = "nathan",
	publisher = "ACM Press",
	timestamp = "2016.10.31",
	title = "{Technical Aspects of the GPU Accelerated Surgical Simulator}",
	year = "2006"
}

@article{MulleCPTD:2009,
	address = "New York, NY, USA",
	author = "Mullen, P. and Crane, K. and Pavlov, D. and Tong, Y. and Desbrun, M.",
	doi = "10.1145/1531326.1531344",
	issn = "0730-0301",
	journal = "ACM Trans. Graph.",
	number = "3",
	old_key = "MCPTD09",
	owner = "nathan",
	pages = "1--8",
	publisher = "ACM",
	timestamp = "2016.10.31",
	title = "{Energy-preserving integrators for fluid animation}",
	volume = "28",
	year = "2009"
}

@inproceedings{MulleTG:2004,
	author = "Muller, Matthias and Teschner, Matthias and Gross, Markus",
	old_key = "Muller:2004:PSO",
	owner = "nathan",
	pages = "26--33",
	series = "{CGI '04}",
	timestamp = "2016.08.09",
	title = "{Physically-Based Simulation of Objects Represented by Surface Meshes}",
	year = "2004"
}

@article{Muset:2013,
	acmid = "2487235",
	address = "New York, NY, USA",
	articleno = "27",
	author = "Museth, Ken",
	doi = "10.1145/2487228.2487235",
	issn = "0730-0301",
	issue_date = "June 2013",
	journal = "ACM Trans. Graph.",
	keywords = "Volumes; fluid animation; implicit surfaces; level sets",
	month = jul,
	number = "3",
	numpages = "22",
	old_key = "Museth:2013:VDB",
	owner = "nathan",
	pages = "27:1--27:22",
	publisher = "ACM",
	timestamp = "2016.08.09",
	title = "{V{D}{B}: High-resolution Sparse Volumes with Dynamic Topology}",
	url = "http://doi.acm.org/10.1145/2487228.2487235",
	volume = "32",
	year = "2013"
}

@inproceedings{Muset:2011,
	acmid = "2037894",
	articleno = "51",
	author = "Museth, Ken",
	doi = "10.1145/2037826.2037894",
	isbn = "978-1-4503-0974-5",
	location = "Vancouver, British Columbia, Canada",
	numpages = "1",
	old_key = "Museth:2011:DBGrid",
	owner = "nathan",
	series = "{SIGGRAPH '11}",
	timestamp = "2016.08.09",
	title = "{D{B}+{G}rid: A Novel Dynamic Blocked Grid for Sparse High-resolution Volumes and Level Sets}",
	url = "http://doi.acm.org/10.1145/2037826.2037894",
	year = "2011"
}

@inproceedings{MusetBWB:2002,
	author = "Museth, Ken and Breen, David and Whitaker, Ross and Barr, Alan",
	booktitle = "{ACM TOG}",
	old_key = "Museth:2002:levelset",
	owner = "nathan",
	pages = "330--338",
	timestamp = "2016.08.09",
	title = "{Level Set Surface Editing Operators}",
	year = "2002"
}

@article{NesmeFP:2006,
	author = "Nesme, Matthieu and Faure, Fran\c{c}ois and Payan, Yohan",
	journal = "Lecture Notes in Computer Science",
	month = "july",
	old_key = "nesme:2006:fem",
	owner = "nathan",
	pages = "40--47",
	timestamp = "2016.10.31",
	title = "{Hierarchical Multi-Resolution Finite Element Model for Soft Body Simulation}",
	url = "http://www-evasion.imag.fr/Publications/2006/NFP06b",
	volume = "4072",
	year = "2006"
}

@inproceedings{NesmeKJF:2009,
	author = "Nesme, M. and Kry, P.G. and Je\v{r}{\'a}bkov{\'a}, L. and Faure, F.",
	booktitle = "{ACM Transactions on Graphics (SIGGRAPH Proceedings)}",
	number = "3",
	old_key = "nesme2009preserving",
	pages = "52",
	title = "{Preserving topology and elasticity for embedded deformable models}",
	volume = "28",
	year = "2009"
}

@article{NesmeKJF:2009b,
	acmid = "1531358",
	articleno = "52",
	author = "Nesme, Matthieu and Kry, Paul G. and Je\v{r}{\'a}bkov{\'a}, Lenka and Faure, Fran\c{c}ois",
	doi = "10.1145/1531326.1531358",
	issn = "0730-0301",
	issue_date = "August 2009",
	journal = "ACM Trans. Graph.",
	keywords = "animation; embedded deformation; finite element method; heterogeneous materials; simulation",
	month = jul,
	number = "3",
	numpages = "9",
	old_key = "nesme:2009:topology",
	owner = "nathan",
	pages = "52:1--52:9",
	publisher = "ACM",
	timestamp = "2016.08.09",
	title = "{Preserving Topology and Elasticity for Embedded Deformable Models}",
	volume = "28",
	year = "2009"
}

@inproceedings{NesmePF:2006,
	address = "Madrid",
	author = "Nesme, Matthieu and Payan, Yohan and Faure, Fran\c{c}ois",
	booktitle = "{Eurographics Workshop in Virtual Reality Interaction and Physical Simulation (VRIPHYS)}",
	key = "Deformable objects",
	keywords = "physically based dynamics deformable objects finite element animation",
	month = "nov",
	old_key = "NPF06",
	title = "{Animating Shapes at Arbitrary Resolution with Non-Uniform Stiffness}",
	url = "http://www-evasion.imag.fr/Publications/2006/NPF06",
	year = "2006"
}

@article{NgMG:2009,
	author = "Ng, Yen Ting and Min, Chohong and Gibou, Fr{\'e}d{\'e}ric",
	journal = "Journal of Computational Physics",
	number = "23",
	old_key = "ng2009efficient",
	owner = "nathan",
	pages = "8807--8829",
	publisher = "Elsevier",
	timestamp = "2016.08.09",
	title = "{An efficient fluid--solid coupling algorithm for single-phase flows}",
	volume = "228",
	year = "2009"
}

@article{NiGH:2004,
	author = "Ni, X. and Garland, M. and Hart, J.C.",
	journal = "ACM Transactions on Graphics (TOG)",
	number = "3",
	old_key = "ni:2004:multigrid",
	owner = "nathan",
	pages = "613--622",
	publisher = "ACM New York, NY, USA",
	timestamp = "2016.10.31",
	title = "{Fair {M}orse functions for extracting the topological structure of a surface mesh}",
	volume = "23",
	year = "2004"
}

@inproceedings{NielsB:2011,
	acmid = "1964978",
	articleno = "83",
	author = "Nielsen, Michael and Bridson, Robert",
	doi = "10.1145/1964921.1964978",
	isbn = "978-1-4503-0943-1",
	keywords = "animation; constructive solid geometry; fluid modeling; fluid simulation; physically based animation",
	location = "Vancouver, British Columbia, Canada",
	numpages = "8",
	old_key = "Nielsen:2011:GuideShapes",
	owner = "nathan",
	pages = "1--8",
	series = "{SIGGRAPH '11}",
	timestamp = "2016.08.09",
	title = "{Guide Shapes for High Resolution Naturalistic Liquid Simulation}",
	url = "http://doi.acm.org/10.1145/1964921.1964978",
	year = "2011"
}

@article{NielsM:2006,
	acmid = "1132035",
	address = "New York, NY, USA",
	author = "Nielsen, Michael B. and Museth, Ken",
	doi = "10.1007/s10915-005-9062-8",
	issn = "0885-7474",
	issue_date = "March 2006",
	journal = "J. Sci. Comput.",
	keywords = "Interface tracking; compact model representations; deformable surfaces; level sets; partial differential equations",
	month = mar,
	number = "3",
	numpages = "39",
	old_key = "Nielsen:2006:Tubular",
	owner = "nathan",
	pages = "261--299",
	publisher = "Plenum Press",
	timestamp = "2016.08.09",
	title = "{Dynamic Tubular Grid: An Efficient Data Structure and Algorithms for High Resolution Level Sets}",
	url = "http://dx.doi.org/10.1007/s10915-005-9062-8",
	volume = "26",
	year = "2006"
}

@article{NielsNSM:2007,
	acmid = "1289607",
	address = "New York, NY, USA",
	articleno = "16",
	author = "Nielsen, Michael B. and Nilsson, Ola and S{\"o}derstr{\"o}m, Andreas and Museth, Ken",
	doi = "10.1145/1289603.1289607",
	issn = "0730-0301",
	issue_date = "October 2007",
	journal = "ACM Trans. Graph.",
	keywords = "Level set methods; adaptive distance fields; compression; computational fluid dynamics; deformable surfaces; geometric modeling; implicit surfaces; mesh scan conversion; morphology; out-of-core; shape; streaming",
	month = oct,
	number = "4",
	old_key = "Nielsen:2007:CompressedLevelSet",
	owner = "nathan",
	publisher = "ACM",
	timestamp = "2016.08.09",
	title = "{Out-of-core and Compressed Level Set Methods}",
	url = "http://doi.acm.org/10.1145/1289603.1289607",
	volume = "26",
	year = "2007"
}

@inproceedings{NienhS:2001,
	author = "Nienhuys, Han-Wen and van der Stappen, A Frank",
	old_key = "nienhuys:2001:surgery",
	organization = "Springer",
	owner = "nathan",
	pages = "145--152",
	series = "{MICCAI '01}",
	timestamp = "2016.08.09",
	title = "{A Surgery Simulation Supporting Cuts and Finite Element Deformation}",
	year = "2001"
}

@inproceedings{OBriH:1999,
	author = "O'Brien, J. and Hodgins, J.",
	booktitle = "{Proc. of SIGGRAPH 1999}",
	doi = "10.1145/311535.311550",
	old_key = "O'Brien:1999:GMA",
	owner = "nathan",
	pages = "137--146",
	timestamp = "2016.08.09",
	title = "{Graphical Modeling and Animation of Brittle Fracture}",
	year = "1999"
}

@article{OlshaTV:2013,
	author = "Olshanskii, Maxim A. and Terekhov, Kirill M. and Vassilevski, Yuri V.",
	journal = "Computers and Fluids",
	number = "0",
	old_key = "Olshanskii:2013:OESLD",
	owner = "nathan",
	pages = "231--246",
	timestamp = "2016.08.09",
	title = "{An octree-based solver for the incompressible {N}avier-{S}tokes equations with enhanced stability and low dissipation}",
	volume = "84",
	year = "2013"
}

@book{OsherF:2002,
	author = "Osher, Stanley and Fedkiw, Ronald",
	old_key = "Osher:2002:LevelSets",
	owner = "nathan",
	publisher = "Springer",
	timestamp = "2016.08.09",
	title = "{Level Set Methods and Dynamic Implicit Surfaces}",
	year = "2002"
}

@article{OsherS:1988,
	author = "Osher, S. and Sethian, J.",
	journal = "J. Comput. Phys.",
	old_key = "osher:1988:originallevelset",
	owner = "nathan",
	pages = "12--49",
	timestamp = "2016.08.09",
	title = "{Fronts Propagating with Curvature-Dependent Speed: Algorithms Based on {H}amilton-{J}acobi Formulations}",
	volume = "79",
	year = "1988"
}

@inproceedings{OtaduGRG:2007,
	author = "Otaduy, M. A. and Germann, D. and Redon, S. and Gross, M.",
	booktitle = "{SCA '07: Proceedings of the 2007 ACM SIGGRAPH/Eurographics symposium on Computer animation}",
	old_key = "otaduy:2007:adaptive",
	owner = "nathan",
	pages = "181--190",
	timestamp = "2016.10.31",
	title = "{Adaptive Deformations with Fast Tight Bounds}",
	year = "2007"
}

@article{ParkLKOH:2006,
	author = "Park, S. W. and Linsen, L. and Kreylos, O. and Owens, J. D. and Hamann, B.",
	journal = "IEEE Transactions on Visualization and Computer Graphics",
	month = mar # "\slash" # apr,
	number = "2",
	old_key = "Park:2006:DSI",
	pages = "243--253",
	title = "{Discrete Sibson interpolation}",
	volume = "12",
	year = "2006"
}

@book{ParkeW:1996,
	author = "Parke, Frederic I. and Waters, Keith",
	old_key = "parke:1996:CFA",
	publisher = "A. K. Peters",
	title = "{Computer Facial Animation}",
	year = "1996"
}

@inproceedings{PatelCCP:2005,
	acmid = "1187280",
	articleno = "139",
	author = "Patel, Sanjit and Chu, Anson and Cohen, Jonathan and Pighin, Frederic",
	doi = "10.1145/1187112.1187280",
	location = "Los Angeles, California",
	old_key = "patel:2005:disjoint",
	owner = "nathan",
	series = "{SIGGRAPH '05}",
	timestamp = "2016.08.09",
	title = "{Fluid simulation via disjoint translating grids}",
	url = "http://doi.acm.org/10.1145/1187112.1187280",
	year = "2005"
}

@inproceedings{PatkaAKF:2013,
	author = "Patkar, Saket and Aanjaneya, Mridul and Karpman, Dmitriy and Fedkiw, Ronald",
	booktitle = "{Symp. on Comput. Anim.}",
	old_key = "patkar:2013:hybrid",
	owner = "nathan",
	pages = "105--114",
	timestamp = "2016.08.09",
	title = "{A Hybrid {L}agrangian-{E}ulerian Formation for Bubble Generation and Dynamics}",
	year = "2013"
}

@article{PatteMS:2012,
	acmid = "2366216",
	articleno = "197",
	author = "Patterson, Taylor and Mitchell, Nathan and Sifakis, Eftychios",
	doi = "10.1145/2366145.2366216",
	issn = "0730-0301",
	issue_date = "November 2012",
	journal = "ACM Trans. Graph.",
	keywords = "cut-cell methods; incompressibility; nonlinear elasticity",
	month = nov,
	number = "6",
	numpages = "10",
	old_key = "Patterson:2012:nonlinear",
	owner = "nathan",
	pages = "197:1--197:10",
	publisher = "ACM",
	timestamp = "2016.08.09",
	title = "{Simulation of Complex Nonlinear Elastic Bodies Using Lattice Deformers}",
	volume = "31",
	year = "2012"
}

@article{PellaVLMLW:2005,
	author = "Pellacini, Fabio and Vidim\v{c}e, Kiril and Lefohn, Aaron and Mohr, Alex and Leone, Mark and Warren, John",
	journal = "ACM Transactions on Graphics",
	month = aug,
	number = "3",
	old_key = "Pellacini:2005:LAH",
	pages = "464--470",
	title = "{Lpics: a Hybrid Hardware-Accelerated Relighting Engine for Computer Cinematography}",
	volume = "24",
	year = "2005"
}

@article{PicinDA:2003,
	author = "Picinbono, Guillaume and Delingette, Herv{\'e} and Ayache, Nicholas",
	journal = "Graphical Models",
	number = "5",
	old_key = "picinbono:2003:nonlinear",
	owner = "nathan",
	pages = "305--321",
	publisher = "Elsevier",
	timestamp = "2016.08.09",
	title = "{Non-linear anisotropic elasticity for real-time surgery simulation}",
	volume = "65",
	year = "2003"
}

@article{PiepeLR:1995,
	author = "Pieper, Steven D and {Laub Jr}, Donald R and Rosen, Joseph M",
	journal = "Plastic and Reconstructive Surgery",
	number = "5",
	old_key = "pieper1995finite",
	owner = "nathan",
	pages = "1100--1105",
	publisher = "LWW",
	timestamp = "2016.08.09",
	title = "{A Finite-Element Facial Model for Simulating Plastic Surgery.}",
	volume = "96",
	year = "1995"
}

@inproceedings{PremoTBLW:2003,
	author = "Premoze, S. and Tasdizen, T. and Bigler, J. and Lefohn, A. and Whitaker, R.",
	booktitle = "{Comp. Graph. Forum (Eurographics Proc.)}",
	number = "3",
	old_key = "premoze:2003:particlefluids",
	owner = "nathan",
	pages = "401--410",
	timestamp = "2016.08.09",
	title = "{Particle--Based Simulation of Fluids}",
	volume = "22",
	year = "2003"
}

@article{QiuLF:2016,
	author = "Qiu, Linhai and Lu, Wenlong and Fedkiw, Ronald",
	journal = "Journal of Computational Physics",
	old_key = "Qiu:2016:chimera",
	owner = "nathan",
	pages = "75--110",
	timestamp = "2016.08.09",
	title = "{An adaptive discretization of compressible flow using a multitude of moving Cartesian grids}",
	volume = "305",
	year = "2016"
}

@book{QuartV:1999,
	author = "Quarteroni, A. and Valli, A.",
	old_key = "quarteroni1999domain",
	owner = "nathan",
	publisher = "Clarendon Press",
	timestamp = "2016.10.31",
	title = "{Domain decomposition methods for partial differential equations}",
	volume = "10",
	year = "1999"
}

@inproceedings{RasmuENMSGHF:2004,
	author = "Rasmussen, N. and Enright, D. and Nguyen, D. and Marino, S. and Sumner, N. and Geiger, W. and Hoon, S. and Fedkiw, R.",
	old_key = "Rasmussen:2004:DPL",
	owner = "nathan",
	pages = "193--202",
	series = "{SCA '04}",
	timestamp = "2016.08.09",
	title = "{Directable Photorealistic Liquids}",
	year = "2004"
}

@article{RasmuNGF:2003,
	__markedentry = "[nathan:]",
	author = "Rasmussen, Nick and Nguyen, Duc Quang and Geiger, Willi and Fedkiw, Ronald",
	journal = "ACM Trans. Graph.",
	number = "3",
	old_key = "Rasmussen:2003:SSL",
	owner = "nathan",
	pages = "703--707",
	timestamp = "2016.10.31",
	title = "{Smoke Simulation for Large Scale Phenomena}",
	volume = "22",
	year = "2003"
}

@inproceedings{RaveeTWT:2012,
	__markedentry = "[nathan:]",
	author = "Raveendran, Karthik and Thuerey, Nils and Wojtan, Chris and Turk, Greg",
	old_key = "Raveendran:2012:CLU",
	owner = "nathan",
	pages = "255--264",
	series = "{SCA '12}",
	timestamp = "2016.10.31",
	title = "{Controlling Liquids Using Meshes}",
	year = "2012"
}

@inproceedings{RaveeWT:2011,
	author = "Raveendran, Karthik and Wojtan, Chris and Turk, Greg",
	old_key = "Raveendran:2011:HSP",
	owner = "nathan",
	pages = "33--42",
	series = "{SCA '11}",
	timestamp = "2016.08.09",
	title = "{Hybrid Smoothed Particle Hydrodynamics}",
	year = "2011"
}

@article{RiverJ:2007,
	author = "Rivers, A.R. and James, D.L.",
	doi = "10.1145/1275808.1276480",
	journal = "ACM Trans. on Graphics (SIGGRAPH Proc.)",
	number = "3",
	old_key = "Rivers2007",
	owner = "nathan",
	timestamp = "2016.08.09",
	title = "{ {FastLSM}: Fast lattice shape matching for robust real-time deformation}",
	volume = "26",
	year = "2007"
}

@article{RiverJ:2007b,
	author = "Rivers, A.R. and James, D.L.",
	journal = "ACM Transactions on Graphics (SIGGRAPH Proc.)",
	number = "3",
	old_key = "rivers:2007:fastlsm",
	owner = "nathan",
	timestamp = "2016.10.31",
	title = "{FastLSM: fast lattice shape matching for robust real-time deformation}",
	volume = "26",
	year = "2007"
}

@article{RobinSGSF:2008,
	address = "New York, NY, USA",
	author = "Robinson-Mosher, A. and Shinar, T. and Gretarsson, J. and Su, J. and Fedkiw, R.",
	doi = "10.1145/1360612.1360645",
	issn = "0730-0301",
	journal = "ACM Trans. Graph.",
	number = "3",
	old_key = "RSGSR08",
	owner = "nathan",
	pages = "1--9",
	publisher = "ACM",
	timestamp = "2016.10.31",
	title = "{Two-way coupling of fluids to rigid and deformable solids and shells}",
	volume = "27",
	year = "2008"
}

@article{Rycro:2009,
	author = "Rycroft, Chris",
	journal = "Lawrence Berkeley National Laboratory",
	old_key = "rycroft2009voro++",
	owner = "nathan",
	timestamp = "2016.08.09",
	title = "{Voro++: A three-dimensional Voronoi cell library in C++}",
	year = "2009"
}

@article{SachtJPSS:2013,
	__markedentry = "[nathan:]",
	author = "Sacht, Leonardo and Jacobson, Alec and Panozzo, Daniele and Sch{\"u}ller, Christian and Sorkine-Hornung, Olga",
	journal = "Computer Graphics Forum",
	number = "5",
	old_key = "Sacht:2013:SIV",
	owner = "nathan",
	pages = "147--156",
	timestamp = "2016.10.31",
	title = "{Consistent Volumetric Discretizations Inside Self-Intersecting Surfaces}",
	volume = "32",
	year = "2013"
}

@article{SakoF:2000,
	author = "Sako, Yusaku and Fujimura, Kikuo",
	journal = "The Visual Computer",
	number = "1",
	old_key = "sako:2001:SSB",
	pages = "47--61",
	publisher = "Springer-Verlag",
	title = "{Shape Similarity by Homotropic Deformation}",
	volume = "16",
	year = "2000"
}

@article{SchenBR:2008,
	author = "Schenk, Olaf and Bollh{\"o}fer, Matthias and R{\"o}mer, Rudolf A.",
	journal = "SIAM Rev.",
	number = "1",
	old_key = "pardiso2",
	owner = "nathan",
	pages = "91--112",
	timestamp = "2016.08.09",
	title = "{On Large-Scale Diagonalization Techniques for the {A}nderson Model of Localization}",
	volume = "50",
	year = "2008"
}

@article{SchenWH:2007,
	author = "Schenk, Olaf and W{\"a}chter, Andreas and Hagemann, Michael",
	journal = "Computational Optimization and Applications",
	number = "2-3",
	old_key = "pardiso3",
	owner = "nathan",
	pages = "321--341",
	timestamp = "2016.08.09",
	title = "{Matching-based preprocessing algorithms to the solution of saddle-point problems in large-scale nonconvex interior-point optimization}",
	volume = "36",
	year = "2007"
}

@article{SelleFKLR:2008,
	__markedentry = "[nathan:]",
	acmid = "1401764",
	address = "New York, NY, USA",
	author = "Selle, Andrew and Fedkiw, Ronald and Kim, Byungmoon and Liu, Yingjie and Rossignac, Jarek",
	doi = "10.1007/s10915-007-9166-4",
	issn = "0885-7474",
	issue_date = "June 2008",
	journal = "J. Sci. Comput.",
	keywords = "Advection; CIR; MacCormak; Second order; Semi-Lagrangian",
	month = jun,
	number = "2-3",
	numpages = "22",
	old_key = "Selle:2008:MacCormack",
	owner = "nathan",
	pages = "350--371",
	publisher = "Plenum Press",
	timestamp = "2016.10.31",
	title = "{An Unconditionally Stable {M}ac{C}ormack Method}",
	url = "http://dx.doi.org/10.1007/s10915-007-9166-4",
	volume = "35",
	year = "2008"
}

@article{SelleLF:2008,
	author = "Selle, Andrew and Lentine, Michael and Fedkiw, Ronald",
	journal = "ACM TOG",
	number = "3",
	old_key = "Selle:2008:MSM",
	owner = "nathan",
	pages = "64:1--64:11",
	timestamp = "2016.08.09",
	title = "{A Mass Spring Model for Hair Simulation}",
	volume = "27",
	year = "2008"
}

@article{SelleRF:2005,
	address = "New York, NY, USA",
	author = "Selle, A. and Rasmussen, N. and Fedkiw, R.",
	doi = "10.1145/1073204.1073282",
	issn = "0730-0301",
	journal = "ACM Trans. Graph.",
	number = "3",
	old_key = "SRF05",
	owner = "nathan",
	pages = "910--914",
	publisher = "ACM",
	timestamp = "2016.10.31",
	title = "{A vortex particle method for smoke, water and explosions}",
	volume = "24",
	year = "2005"
}

@inproceedings{SelleRF:2005b,
	__markedentry = "[nathan:]",
	acmid = "1073282",
	author = "Selle, Andrew and Rasmussen, Nick and Fedkiw, Ronald",
	doi = "10.1145/1186822.1073282",
	keywords = "explosions; fluids; smoke; vortex methods; water",
	location = "Los Angeles, California",
	numpages = "5",
	old_key = "Selle:2005:VortexParticle",
	owner = "nathan",
	pages = "910--914",
	series = "{SIGGRAPH '05}",
	timestamp = "2016.10.31",
	title = "{A Vortex Particle Method for Smoke, Water and Explosions}",
	url = "http://doi.acm.org/10.1145/1186822.1073282",
	year = "2005"
}

@article{SetalABS:2014,
	__markedentry = "[nathan:]",
	author = "Setaluri, Rajsekhar and Aanjaneya, Mridul and Bauer, Sean and Sifakis, Eftychios",
	journal = "ACM Trans. Graph.",
	number = "6",
	old_key = "Setaluri:2014:SSP",
	owner = "nathan",
	pages = "205:1--205:12",
	timestamp = "2016.10.31",
	title = "{{SPG}rid: A Sparse Paged Grid Structure Applied to Adaptive Smoke Simulation}",
	volume = "33",
	year = "2014"
}

@article{Sethi:1998,
	author = "Sethian, James A.",
	journal = "SIAM Review",
	old_key = "Sethian98fastmarching",
	owner = "nathan",
	pages = "199--235",
	timestamp = "2016.08.09",
	title = "{Fast Marching Methods}",
	volume = "41",
	year = "1998"
}

@article{SethiV:2000,
	author = "Sethian, James A and Vladimirsky, Alexander",
	journal = "Proceedings of the National Academy of Sciences",
	number = "11",
	old_key = "sethian2000fast",
	owner = "nathan",
	pages = "5699--5703",
	publisher = "National Acad Sciences",
	timestamp = "2016.08.09",
	title = "{Fast methods for the Eikonal and related Hamilton--Jacobi equations on unstructured meshes}",
	volume = "97",
	year = "2000"
}

@article{ShiYBF:2006,
	address = "New York, NY, USA",
	author = "Shi, L. and Yu, Y. and Bell, N. and Feng, W.",
	doi = "10.1145/1141911.1142001",
	issn = "0730-0301",
	journal = "ACM Trans. Graph.",
	number = "3",
	old_key = "SYBF06",
	owner = "nathan",
	pages = "1108--1117",
	publisher = "ACM",
	timestamp = "2016.10.31",
	title = "{A fast multigrid algorithm for mesh deformation}",
	volume = "25",
	year = "2006"
}

@article{ShiYBF:2006b,
	author = "Shi, L. and Yu, Y. and Bell, N. and Feng, W.W.",
	journal = "ACM Trans. Graph. (SIGGRAPH Proc.)",
	old_key = "shi:2006:multigrid",
	owner = "nathan",
	pages = "1108--1117",
	timestamp = "2016.10.31",
	title = "{A fast multigrid algorithm for mesh deformation}",
	year = "2006"
}

@misc{SifakB:2012b,
	author = "Sifakis, E. and Barbi\v{c}, J.",
	howpublished = "ACM SIGGRAPH 2012 Courses. \texttt{http://www.femdefo.org/}",
	old_key = "sifakis2012femdefo",
	title = "{{FEM} Simulation of 3{D} Deformable Solids: A Practitioner's Guide to Theory, Discretization, and Model Reduction}",
	url = "http://femdefo.org",
	year = "2012"
}

@inproceedings{SifakB:2012,
	__markedentry = "[nathan:6]",
	acmid = "2343501",
	articleno = "20",
	author = "Sifakis, Eftychios and Barbic, Jernej",
	booktitle = "{ACM SIG. 2012 Courses}",
	doi = "10.1145/2343483.2343501",
	isbn = "978-1-4503-1678-1",
	location = "Los Angeles, California",
	numpages = "50",
	old_key = "Sifakis:2012:FSD:2343483.2343501",
	owner = "nathan",
	pages = "20:1--20:50",
	publisher = "ACM",
	series = "{SIGGRAPH '12}",
	timestamp = "2016.10.31",
	title = "{{FEM} Simulation of {3D} Deformable Solids: A Practitioner's Guide to Theory, Discretization and Model Reduction}",
	year = "2012"
}

@inproceedings{SifakB:2012c,
	__markedentry = "[nathan:]",
	author = "Sifakis, Eftychios and Barbic, Jernej",
	booktitle = "{ACM SIGGRAPH 2012 Courses}",
	old_key = "Sifakis:2012:FemDEFO",
	owner = "nathan",
	series = "{SIGGRAPH '12}",
	timestamp = "2016.10.31",
	title = "{FEM Simulation of 3D Deformable Solids: A Practitioner's Guide to Theory, Discretization and Model Reduction}",
	year = "2012"
}

@inproceedings{SifakDF:2007,
	__markedentry = "[nathan:6]",
	acmid = "1272701",
	author = "Sifakis, Eftychios and Der, Kevin G. and Fedkiw, Ronald",
	isbn = "978-1-59593-624-0",
	location = "San Diego, California",
	numpages = "8",
	old_key = "sifakis:2007:arbitrarycutting",
	owner = "nathan",
	pages = "73--80",
	publisher = "Eurographics Association",
	series = "{SCA '07}",
	timestamp = "2016.10.31",
	title = "{Arbitrary Cutting of Deformable Tetrahedralized Objects}",
	url = "http://dl.acm.org/citation.cfm?id=1272690.1272701",
	year = "2007"
}

@article{SifakNF:2005,
	__markedentry = "[nathan:6]",
	acmid = "1073208",
	author = "Sifakis, Eftychios and Neverov, Igor and Fedkiw, Ronald",
	doi = "10.1145/1073204.1073208",
	issn = "0730-0301",
	issue_date = "July 2005",
	journal = "ACM Trans. Graph.",
	keywords = "facial animation; finite element method; muscles",
	month = jul,
	number = "3",
	numpages = "9",
	old_key = "Sifakis:2005:facialmuscle",
	owner = "nathan",
	pages = "417--425",
	publisher = "ACM",
	timestamp = "2016.10.31",
	title = "{Automatic Determination of Facial Muscle Activations from Sparse Motion Capture Marker Data}",
	volume = "24",
	year = "2005"
}

@inproceedings{SifakSIF:2007,
	author = "Sifakis, E. and Shinar, T. and Irving, G. and Fedkiw, R.",
	booktitle = "{Proc. of ACM SIGGRAPH/Eurographics Symp. on Comput. Anim.}",
	old_key = "sifakis:2007:hybridsolids",
	owner = "nathan",
	pages = "81--90",
	timestamp = "2016.10.31",
	title = "{Hybrid Simulation of Deformable Solids}",
	year = "2007"
}

@inproceedings{SinBH:2009,
	__markedentry = "[nathan:]",
	acmid = "1599502",
	author = "Sin, Funshing and Bargteil, Adam and Hodgins, Jessica",
	doi = "10.1145/1599470.1599502",
	isbn = "978-1-60558-610-6",
	location = "New Orleans, Louisiana",
	numpages = "9",
	old_key = "Sin:2009:PointBasedFlow",
	owner = "nathan",
	pages = "247--255",
	series = "{SCA '09}",
	timestamp = "2016.10.31",
	title = "{A Point-based Method for Animating Incompressible Flow}",
	url = "http://doi.acm.org/10.1145/1599470.1599502",
	year = "2009"
}

@article{SinSB:2013,
	__markedentry = "[nathan:6]",
	added-at = "2013-02-26T00:00:00.000+0100",
	author = "Sin, Funshing and Schroeder, D. and Barbic, Jernej",
	biburl = "http://www.bibsonomy.org/bibtex/227ce16c5597864f0c82646413947348c/dblp",
	doi = "10.1111/j.1467-8659.2012.03230.x",
	interhash = "4e72859e81abb75a550ff334b52a066c",
	intrahash = "27ce16c5597864f0c82646413947348c",
	journal = "Comput. Graph. Forum",
	keywords = "dblp",
	number = "1",
	old_key = "Sin:2013:Vega",
	owner = "nathan",
	pages = "36--48",
	timestamp = "2013-02-27T11:35:49.000+0100",
	title = "{Vega: Non-Linear FEM Deformable Object Simulator.}",
	volume = "32",
	year = "2013"
}

@article{SinghW:2005,
	author = "Singh, K. and Williams, J.",
	journal = "Comput. Meth. Appl. Mech. Eng.",
	old_key = "SW05",
	owner = "nathan",
	pages = "4845--4860",
	timestamp = "2016.10.31",
	title = "{A parallel fictitious domain multigrid preconditioner for the solution of Poisson's equation in complex geometries}",
	volume = "194",
	year = "2005"
}

@inproceedings{SloanRC:2001,
	acmid = "364382",
	author = "Sloan, Peter-Pike J. and Rose, III Charles F. and Cohen, Michael F.",
	doi = "10.1145/364338.364382",
	isbn = "1-58113-292-1",
	keywords = "curves \& surfaces; geometric modeling; human body simulation; interpolation; radial basis; shape blending",
	numpages = "9",
	old_key = "Sloan:2001:SE:364338.364382",
	owner = "nathan",
	pages = "135--143",
	publisher = "ACM",
	series = "{I3D '01}",
	timestamp = "2016.08.09",
	title = "{Shape by Example}",
	year = "2001"
}

@book{SmithBG:1996,
	author = "Smith, Barry F. and Bj{\o}rstad, Petter E. and Gropp, William D.",
	isbn = "0-521-49589-X",
	old_key = "Smith:1996:DDP:238150",
	owner = "nathan",
	publisher = "Cambridge University Press",
	timestamp = "2016.08.09",
	title = "{Domain Decomposition: Parallel Multilevel Methods for Elliptic Partial Differential Equations}",
	year = "1996"
}

@inproceedings{SolenG:2011,
	__markedentry = "[nathan:]",
	acmid = "1964976",
	articleno = "81",
	author = "Solenthaler, Barbara and Gross, Markus",
	doi = "10.1145/1964921.1964976",
	isbn = "978-1-4503-0943-1",
	keywords = "SPH; fluid simulation; level of detail; two-scale",
	location = "Vancouver, British Columbia, Canada",
	numpages = "8",
	old_key = "Solenthaler:2011:TwoScaleParticle",
	owner = "nathan",
	pages = "81:1--81:8",
	series = "{SIGGRAPH '11}",
	timestamp = "2016.10.31",
	title = "{Two-scale Particle Simulation}",
	url = "http://doi.acm.org/10.1145/1964921.1964976",
	year = "2011"
}

@article{Stam:2002,
	__markedentry = "[nathan:]",
	author = "Stam, Jos",
	journal = "J. Graph. Tools",
	number = "2",
	old_key = "Stam:2002:SFS",
	owner = "nathan",
	pages = "43--52",
	timestamp = "2016.10.31",
	title = "{A Simple Fluid Solver Based on the {FFT}}",
	volume = "6",
	year = "2002"
}

@inproceedings{Stam:1999,
	__markedentry = "[nathan:]",
	acmid = "311548",
	author = "Stam, Jos",
	doi = "10.1145/311535.311548",
	isbn = "0-201-48560-5",
	keywords = "Navier-Stokes; advected textures; animation of fluids; gaseous phenomena; implicit elliptic PDE solvers; interactive modeling; stable solvers",
	numpages = "8",
	old_key = "Stam:1999:StableFluids",
	owner = "nathan",
	pages = "121--128",
	series = "{SIGGRAPH '99}",
	timestamp = "2016.10.31",
	title = "{Stable Fluids}",
	url = "http://dx.doi.org/10.1145/311535.311548",
	year = "1999"
}

@article{SuedaKP:2008,
	__markedentry = "[nathan:6]",
	acmid = "1360682",
	address = "New York, NY, USA",
	articleno = "83",
	author = "Sueda, Shinjiro and Kaufman, Andrew and Pai, Dinesh K.",
	doi = "10.1145/1360612.1360682",
	issn = "0730-0301",
	issue_date = "August 2008",
	journal = "ACM Trans. Graph.",
	keywords = "character animation; musculoskeletal simulation; secondary motion",
	month = aug,
	number = "3",
	numpages = "8",
	old_key = "Sueda:2008:Musculotendon",
	owner = "nathan",
	pages = "83:1--83:8",
	publisher = "ACM",
	timestamp = "2016.10.31",
	title = "{Musculotendon Simulation for Hand Animation}",
	volume = "27",
	year = "2008"
}

@article{SukumB:2000,
	author = "Sukumar, N. and Belytschko, T.",
	journal = "Int. J. Numer. Meth. Engng",
	old_key = "sukumar:2000:arbitrary",
	pages = "l74l--1760",
	title = "{Arbitrary branched and intersecting cracks with the extended finite element method}",
	volume = "48",
	year = "2000"
}

@article{SumneSP:2007,
	__markedentry = "[nathan:6]",
	acmid = "1276478",
	articleno = "80",
	author = "Sumner, Robert W. and Schmid, Johannes and Pauly, Mark",
	doi = "10.1145/1276377.1276478",
	issn = "0730-0301",
	issue_date = "July 2007",
	journal = "ACM Trans. Graph.",
	keywords = "deformation; geometric modeling; shape editing",
	month = jul,
	number = "3",
	old_key = "Sumner:2007:EDS:1276377.1276478",
	owner = "nathan",
	publisher = "ACM",
	timestamp = "2016.10.31",
	title = "{Embedded Deformation for Shape Manipulation}",
	volume = "26",
	year = "2007"
}

@article{SussmABCHW:1999,
	__markedentry = "[nathan:]",
	acmid = "307375",
	address = "San Diego, CA, USA",
	author = "Sussman, Mark and Almgren, Ann S. and Bell, John B. and Colella, Phillip and Howell, Louis H. and Welcome, Michael L.",
	doi = "10.1006/jcph.1998.6106",
	issn = "0021-9991",
	issue_date = "Jan. 1, 1999",
	journal = "J. Comput. Phys.",
	keywords = "adaptive mesh refinement; incompressible; level sets; two-phase flow",
	number = "1",
	numpages = "44",
	old_key = "Sussman:1999:AdaptiveTwoPhaseFlow",
	owner = "nathan",
	pages = "81--124",
	publisher = "Academic Press Professional, Inc.",
	timestamp = "2016.10.31",
	title = "{An Adaptive Level Set Approach for Incompressible Two-phase Flows}",
	url = "http://dx.doi.org/10.1006/jcph.1998.6106",
	volume = "148",
	year = "1999"
}

@article{SussmSO:1994,
	__markedentry = "[nathan:]",
	author = "Sussman, M. and Smereka, P. and Osher, S.",
	journal = "J. Comput. Phys.",
	old_key = "Sussman:1994:levelsetincompressible",
	owner = "nathan",
	pages = "146--159",
	timestamp = "2016.10.31",
	title = "{A Level Set Approach for Computing Solutions to Incompressible Two-Phase Flow}",
	volume = "114",
	year = "1994"
}

@article{TamstJM:2015,
	__markedentry = "[nathan:]",
	author = "Tamstorf, Rasmus and Jones, Toby and McCormick, Stephen F.",
	journal = "ACM Trans. Graph.",
	number = "6",
	old_key = "Tamstorf:2015:SAM",
	owner = "nathan",
	pages = "245:1--245:13",
	timestamp = "2016.10.31",
	title = "{Smoothed Aggregation Multigrid for Cloth Simulation}",
	volume = "34",
	year = "2015"
}

@inproceedings{TanYZY:2008,
	__markedentry = "[nathan:]",
	author = "Tan, Jie and Yang, Xubo and Zhao, Xin and Yang, Zhanxin",
	booktitle = "{SCA '08 Posters}",
	old_key = "tan:2008:multilayer",
	owner = "nathan",
	timestamp = "2016.10.31",
	title = "{Fluid Animation with Multi-layer Grids}",
	year = "2008"
}

@inproceedings{Tateb:1993,
	author = "Tatebe, O.",
	booktitle = "{Proceedings of the Sixth Copper Mountain Conference on Multigrid Methods}",
	old_key = "T93",
	owner = "nathan",
	pages = "621--634",
	publisher = "NASA Conference Publication 3224",
	timestamp = "2016.10.31",
	title = "{The multigrid preconditioned conjugate gradient method}",
	year = "1993"
}

@article{TengMDK:2015,
	__markedentry = "[nathan:]",
	author = "Teng, Yun and Meyer, Mark and DeRose, Tony and Kim, Theodore",
	journal = "ACM Trans. Graph.",
	number = "4",
	old_key = "Teng:2015:SCF",
	owner = "nathan",
	pages = "76:1--76:9",
	timestamp = "2016.10.31",
	title = "{Subspace Condensation: Full Space Adaptivity for Subspace Deformations}",
	volume = "34",
	year = "2015"
}

@inproceedings{TeranBHF:2003,
	__markedentry = "[nathan:6]",
	acmid = "846285",
	author = "Teran, J. and Blemker, S. and Hing, V. Ng Thow and Fedkiw, R.",
	isbn = "1-58113-659-5",
	location = "San Diego, California",
	numpages = "7",
	old_key = "Teran:2003:skeletalmuscle",
	owner = "nathan",
	pages = "68--74",
	series = "{SCA '03}",
	timestamp = "2016.10.31",
	title = "{Finite Volume Methods for the Simulation of Skeletal Muscle}",
	url = "http://dl.acm.org/citation.cfm?id=846276.846285",
	year = "2003"
}

@article{TeranSBNLF:2005,
	__markedentry = "[nathan:6]",
	author = "Teran, Joseph and Sifakis, Eftychios and Blemker, Silvia S and Ng-Thow-Hing, Victor and Lau, Cynthia and Fedkiw, Ronald",
	journal = "Visualization and Computer Graphics, IEEE Transactions on",
	number = "3",
	old_key = "teran:2005:visiblehuman",
	owner = "nathan",
	pages = "317--328",
	publisher = "IEEE",
	timestamp = "2016.10.31",
	title = "{Creating and Simulating Skeletal Muscle from the Visible Human Data Set}",
	volume = "11",
	year = "2005"
}

@article{TeranSIF:2005,
	__markedentry = "[nathan:6]",
	author = "Teran, J. and Sifakis, E. and Irving, G. and Fedkiw, R.",
	journal = "Proc. of the 2005 ACM SIGGRAPH/Eurographics Symp. on Comput. Anim.",
	old_key = "teran:2005:quasistatics",
	owner = "nathan",
	pages = "181--190",
	timestamp = "2016.10.31",
	title = "{Robust Quasistatic Finite Elements and Flesh Simulation}",
	year = "2005"
}

@inproceedings{TeranSIF:2005b,
	author = "Teran, J. and Sifakis, E. and Irving, G. and Fedkiw, R.",
	booktitle = "{Proceedings of the 2005 ACM SIGGRAPH/Eurographics symposium on Computer animation}",
	old_key = "teran2005robust",
	organization = "ACM",
	pages = "181--190",
	title = "{Robust quasistatic finite elements and flesh simulation}",
	year = "2005"
}

@article{TerzoF:1988,
	acmid = "378522",
	author = "Terzopoulos, Demetri and Fleischer, Kurt",
	doi = "10.1145/378456.378522",
	issn = "0097-8930",
	issue_date = "Aug. 1988",
	journal = "SIGGRAPH Comput. Graph.",
	keywords = "animation; deformation; dynamics; elasticity; modeling; simulation",
	month = jun,
	number = "4",
	numpages = "10",
	old_key = "terzopoulos:1988:inelastic",
	owner = "nathan",
	pages = "269--278",
	publisher = "ACM",
	timestamp = "2016.08.09",
	title = "{Modeling Inelastic Deformation: Viscolelasticity, Plasticity, Fracture}",
	volume = "22",
	year = "1988"
}

@article{TerzoF:1988b,
	author = "Terzopoulos, D. and Fleischer, K.",
	journal = "The Visual Computer",
	number = "6",
	old_key = "terzopoulos:1988:deformable",
	owner = "nathan",
	pages = "306--331",
	timestamp = "2016.10.31",
	title = "{Deformable models}",
	volume = "4",
	year = "1988"
}

@article{TerzoPBF:1987,
	author = "Terzopoulos, D. and Platt, J. and Barr, A. and Fleischer, K.",
	journal = "Computer Graphics (Proc. SIGGRAPH 87)",
	number = "4",
	old_key = "terzopoulos:1987:elastic",
	owner = "nathan",
	pages = "205--214",
	timestamp = "2016.10.31",
	title = "{Elastically deformable models}",
	volume = "21",
	year = "1987"
}

@article{ThuerWGT:2010,
	__markedentry = "[nathan:]",
	author = "Th{\"u}rey, Nils and Wojtan, Chris and Gross, Markus and Turk, Greg",
	journal = "ACM Trans. Graph.",
	number = "4",
	old_key = "Thurey:2010:MAM",
	owner = "nathan",
	pages = "48:1--48:10",
	timestamp = "2016.10.31",
	title = "{A Multiscale Approach to Mesh-based Surface Tension Flows}",
	volume = "29",
	year = "2010"
}

@article{ThomaPB:2007,
	author = "Thomaszewski, B. and Pabst, S. and Blochinger, W.",
	journal = "EG Symposium on Parallel Graphics and Visualization",
	old_key = "Thomaszewski:2007:cloth\_parallel\_multicore",
	owner = "nathan",
	timestamp = "2016.10.31",
	title = "{Exploiting Parallelism in Physically-Based Simulations on Multi-Core Processor Architectures}",
	year = "2007"
}

@book{TrottOS:2001,
	author = "Trottenberg, U. and {O}osterlee, C. and Schuller, A.",
	old_key = "trottenberg:2001:multigrid",
	owner = "nathan",
	publisher = "San Diego: Academic Press",
	timestamp = "2016.10.31",
	title = "{Multigrid}",
	year = "2001"
}

@book{TrottOS:2001b,
	__markedentry = "[nathan:]",
	author = "Trottenberg, Ulrich and Oosterlee, Cornelius W. and Schuller, Anton",
	old_key = "trottenberg:2001:multigrid",
	owner = "nathan",
	publisher = "Academic Press",
	timestamp = "2016.10.31",
	title = "{Multigrid}",
	year = "2001"
}

@article{UnverT:1992,
	__markedentry = "[nathan:]",
	author = "Unverdi, S. O. and Tryggvason, G.",
	journal = "J. Comput. Phys.",
	old_key = "unverdi:1992:fronttracking",
	owner = "nathan",
	pages = "25--37",
	timestamp = "2016.10.31",
	title = "{A front-tracking method for viscous, incompressible, multifluid flows}",
	volume = "100",
	year = "1992"
}

@article{VaillBGCRWGP:2013,
	__markedentry = "[nathan:6]",
	acmid = "2461960",
	articleno = "125",
	author = "Vaillant, Rodolphe and Barthe, Lo{\"{\i}}c and Guennebaud, Ga{\"e}l and Cani, Marie-Paule and Rohmer, Damien and Wyvill, Brian and Gourmel, Olivier and Paulin, Mathias",
	doi = "10.1145/2461912.2461960",
	issn = "0730-0301",
	issue_date = "July 2013",
	journal = "ACM Trans. Graph.",
	keywords = "mesh deformation with contact; skinning",
	month = jul,
	number = "4",
	numpages = "12",
	old_key = "Vaillant:2013:ISR:2461912.2461960",
	owner = "nathan",
	pages = "125:1--125:12",
	publisher = "ACM",
	timestamp = "2016.10.31",
	title = "{Implicit Skinning: Real-time Skin Deformation with Contact Modeling}",
	volume = "32",
	year = "2013"
}

@article{VaillGBWC:2014,
	author = "Vaillant, Rodolphe and Guennebaud, G{\"a}el and Barthe, Lo{\"{\i}}c and Wyvill, Brian and Cani, Marie-Paule",
	journal = "ACM TOG",
	number = "6",
	old_key = "Vaillant:2014:RIT",
	owner = "nathan",
	pages = "189:1--189:11",
	timestamp = "2016.08.09",
	title = "{Robust Iso-surface Tracking for Interactive Character Skinning}",
	volume = "33",
	year = "2014"
}

@inproceedings{VanJMA:2014,
	author = "{Van Opstal}, Baptiste and Janin, Lucas and Museth, Ken and Ald{\'e}n, Mihai",
	booktitle = "{ACM SIGGRAPH 2014 Talks}",
	old_key = "VanOpstal:2014:LSS",
	owner = "nathan",
	series = "{SIGGRAPH '14}",
	timestamp = "2016.08.09",
	title = "{Large Scale Simulation and Surfacing of Water and Ice Effects in {D}ragons 2}",
	year = "2014"
}

@article{WangFP:2012,
	__markedentry = "[nathan:]",
	author = "Wang, Bin and Faure, Fran\c{c}ois and Pai, Dinesh K.",
	journal = "ACM Trans. Graph.",
	number = "4",
	old_key = "Wang:2012:AII",
	owner = "nathan",
	pages = "97:1--97:9",
	timestamp = "2016.10.31",
	title = "{Adaptive Image-based Intersection Volume}",
	volume = "31",
	year = "2012"
}

@article{Wang:2015,
	__markedentry = "[nathan:6]",
	acmid = "2818063",
	address = "New York, NY, USA",
	articleno = "246",
	author = "Wang, Huamin",
	doi = "10.1145/2816795.2818063",
	issn = "0730-0301",
	issue_date = "November 2015",
	journal = "ACM Trans. Graph.",
	keywords = "chebyshev semi-iterative method; jacobi method; parallel computing; position-based dynamics; projective dynamics",
	month = oct,
	number = "6",
	numpages = "9",
	old_key = "Wang:2015:Chebyshev",
	owner = "nathan",
	pages = "246:1--246:9",
	publisher = "ACM",
	timestamp = "2016.10.31",
	title = "{A {C}hebyshev Semi-iterative Approach for Accelerating Projective and Position-based Dynamics}",
	volume = "34",
	year = "2015"
}

@article{WangMT:2005,
	address = "New York, NY, USA",
	author = "Wang, H. and Mucha, P. and Turk, G.",
	doi = "10.1145/1073204.1073284",
	issn = "0730-0301",
	journal = "ACM Trans. Graph.",
	number = "3",
	old_key = "WMT05",
	owner = "nathan",
	pages = "921--929",
	publisher = "ACM",
	timestamp = "2016.10.31",
	title = "{Water drops on surfaces}",
	volume = "24",
	year = "2005"
}

@inproceedings{WangP:2002,
	acmid = "545283",
	author = "Wang, Xiaohuan Corina and Phillips, Cary",
	doi = "10.1145/545261.545283",
	isbn = "1-58113-573-4",
	keywords = "enveloping; skinning; surface deformation",
	location = "San Antonio, Texas",
	numpages = "10",
	old_key = "Wang:2002:MEL:545261.545283",
	owner = "nathan",
	pages = "129--138",
	publisher = "ACM",
	series = "{SCA '02}",
	timestamp = "2016.08.09",
	title = "{Multi-weight Enveloping: Least-squares Approximation Techniques for Skin Animation}",
	year = "2002"
}

@article{WeberSLG:2007,
	__markedentry = "[nathan:6]",
	author = "Weber, Ofir and Sorkine, Olga and Lipman, Yaron and Gotsman, Craig",
	journal = "Computer Graphics Forum (Proceedings of Eurographics)",
	number = "3",
	old_key = "Skinning:2007",
	owner = "nathan",
	timestamp = "2016.10.31",
	title = "{Context-Aware Skeletal Shape Deformation}",
	volume = "26",
	year = "2007"
}

@inproceedings{WickeBG:2007,
	__markedentry = "[nathan:6]",
	author = "Wicke, Martin and Botsch, Mario and Gross, Markus",
	booktitle = "{Computer Graphics Forum}",
	number = "3",
	old_key = "wicke:2007:finite",
	organization = "Wiley Online Library",
	owner = "nathan",
	pages = "355--364",
	timestamp = "2016.10.31",
	title = "{A finite element method on convex polyhedra}",
	volume = "26",
	year = "2007"
}

@article{WickeST:2009,
	address = "New York, NY, USA",
	author = "Wicke, M. and Stanton, M. and Treuille, A.",
	doi = "10.1145/1531326.1531345",
	issn = "0730-0301",
	journal = "ACM Trans. Graph.",
	number = "3",
	old_key = "WST09",
	owner = "nathan",
	pages = "1--8",
	publisher = "ACM",
	timestamp = "2016.10.31",
	title = "{Modular bases for fluid dynamics}",
	volume = "28",
	year = "2009"
}

@article{WojtaTGT:2010,
	author = "Wojtan, Chris and Th{\"u}rey, Nils and Gross, Markus and Turk, Greg",
	journal = "ACM Trans. Graph.",
	number = "4",
	old_key = "Wojtan:2010:PTTF",
	owner = "nathan",
	pages = "1--8",
	timestamp = "2016.08.09",
	title = "{Physics-inspired topology changes for thin fluid features}",
	volume = "29",
	year = "2010"
}

@article{WojtaT:2008,
	acmid = "1360646",
	articleno = "47",
	author = "Wojtan, Chris and Turk, Greg",
	doi = "10.1145/1360612.1360646",
	issn = "0730-0301",
	issue_date = "August 2008",
	journal = "ACM Trans. Graph.",
	keywords = "computational fluid dynamics; deformable models; explicit surface; finite element method; free-form deformation; viscoelastic behavior",
	month = aug,
	number = "3",
	numpages = "8",
	old_key = "wojtan:2008:viscoelastic",
	owner = "nathan",
	pages = "47:1--47:8",
	publisher = "ACM",
	timestamp = "2016.08.09",
	title = "{Fast Viscoelastic Behavior with Thin Features}",
	volume = "27",
	year = "2008"
}

@inproceedings{WojtaT:2008b,
	author = "Wojtan, C. and Turk, G.",
	booktitle = "{ACM Transactions on Graphics (SIGGRAPH Proc.)}",
	number = "3",
	old_key = "wojtan2008fast",
	organization = "ACM",
	pages = "47",
	title = "{Fast viscoelastic behavior with thin features}",
	volume = "27",
	year = "2008"
}

@article{WuDW:2016,
	__markedentry = "[nathan:]",
	author = "Wu, Jun and Dick, Christian and Westermann, Rudiger",
	journal = "IEEE Transactions on Visualization and Computer Graphics",
	number = "3",
	old_key = "Wu:2016:SHT",
	owner = "nathan",
	pages = "1195--1208",
	timestamp = "2016.10.31",
	title = "{A System for High-Resolution Topology Optimization}",
	volume = "22",
	year = "2016"
}

@article{WuMW:2015,
	__markedentry = "[nathan:]",
	author = "Wu, Xiaofeng and Mukherjee, Rajaditya and Wang, Huamin",
	journal = "ACM Trans. Graph.",
	number = "6",
	old_key = "Wu:2015:UAS",
	owner = "nathan",
	pages = "241:1--241:9",
	timestamp = "2016.10.31",
	title = "{A Unified Approach for Subspace Simulation of Deformable Bodies in Multiple Domains}",
	volume = "34",
	year = "2015"
}

@inproceedings{WuT:2004,
	author = "Wu, Xunlei and Tendick, Frank",
	booktitle = "{International Symposium on Medical Simulation (2004). c○ Association for Computing Machinery, Inc}",
	old_key = "wu:2004:multigrid",
	owner = "nathan",
	pages = "92--104",
	timestamp = "2016.10.31",
	title = "{Multigrid integration for interactive deformable body simulation}",
	year = "2004"
}

@mastersthesis{Yee:2000,
	author = "Yee, Yang Li Hector",
	old_key = "yee:2000:SSA",
	school = "Cornell University",
	title = "{Spatiotemporal sensistivity and visual attention for efficient rendering of dynamic environments}",
	year = "2000"
}

@article{YuanYW:2012,
	__markedentry = "[nathan:]",
	author = "Yuan, Zhan and Yu, Yizhou and Wang, Wenping",
	journal = "ACM TOG",
	number = "4",
	old_key = "Yuan:2012:OMI",
	owner = "nathan",
	pages = "114:1--114:10",
	timestamp = "2016.10.31",
	title = "{Object-space Multiphase Implicit Functions}",
	volume = "31",
	year = "2012"
}

@article{ZhangB:2014,
	__markedentry = "[nathan:]",
	author = "Zhang, Xinxin and Bridson, Robert",
	journal = "ACM Trans. Graph.",
	number = "6",
	old_key = "Zhang:2014:PFS",
	owner = "nathan",
	pages = "206:1--206:11",
	timestamp = "2016.10.31",
	title = "{A {PPPM} Fast Summation Method for Fluids and Beyond}",
	volume = "33",
	year = "2014"
}

@article{Zhao:2004,
	author = "Zhao, Hongkai",
	journal = "Math. Comp.",
	number = "250",
	old_key = "Z04",
	owner = "nathan",
	pages = "603--627",
	timestamp = "2016.10.31",
	title = "{A Fast Sweeping Method for the Eikonal Equation}",
	volume = "74",
	year = "2004"
}

@inproceedings{ZhaoOF:2001,
	__markedentry = "[nathan:]",
	author = "Zhao, Hong-Kai and Osher, Stanley and Fedkiw, Ronald",
	old_key = "Zhao:2001:FSR",
	owner = "nathan",
	pages = "194--202",
	series = "{VLSM '01}",
	timestamp = "2016.10.31",
	title = "{Fast Surface Reconstruction Using the Level Set Method}",
	year = "2001"
}

@article{ZhaoB:2013,
	author = "Zhao, Yili and Barbi\v{c}, Jernej",
	journal = "ACM Trans. on Graphics (SIGGRAPH 2013)",
	number = "4",
	old_key = "Zhao:2013:IAO",
	owner = "nathan",
	pages = "84:1--84:12",
	timestamp = "2016.08.09",
	title = "{Interactive Authoring of Simulation-Ready Plants}",
	volume = "32",
	year = "2013"
}

@inproceedings{ZhengYP:2006,
	__markedentry = "[nathan:]",
	author = "Zheng, Wen and Yong, Jun-Hai and Paul, Jean-Claude",
	old_key = "Zheng:2006:SB",
	owner = "nathan",
	pages = "325--333",
	series = "{SCA '06}",
	timestamp = "2016.10.31",
	title = "{Simulation of Bubbles}",
	year = "2006"
}

@article{ZhuLCKF:2013,
	acmid = "2461999",
	address = "New York, NY, USA",
	articleno = "63",
	author = "Zhu, Bo and Lu, Wenlong and Cong, Matthew and Kim, Byungmoon and Fedkiw, Ronald",
	doi = "10.1145/2461912.2461999",
	issn = "0730-0301",
	issue_date = "July 2013",
	journal = "ACM Trans. Graph.",
	keywords = "boundary conditions; fluid simulation; grids",
	number = "4",
	numpages = "12",
	old_key = "Zhu:2013:DomainExtension",
	owner = "nathan",
	pages = "63:1--63:12",
	publisher = "ACM",
	timestamp = "2016.08.09",
	title = "{A New Grid Structure for Domain Extension}",
	url = "http://doi.acm.org/10.1145/2461912.2461999",
	volume = "32",
	year = "2013"
}

@article{ZhuQCSF:2014,
	__markedentry = "[nathan:]",
	author = "Zhu, Bo and Quigley, Ed and Cong, Matthew and Solomon, Justin and Fedkiw, Ronald",
	journal = "ACM Trans. Graph.",
	number = "4",
	old_key = "Zhu:2014:CST",
	owner = "nathan",
	pages = "111:1--111:11",
	timestamp = "2016.10.31",
	title = "{Codimensional Surface Tension Flow on Simplicial Complexes}",
	volume = "33",
	year = "2014"
}

@article{ZhuYF:2010,
	author = "Zhu, Bo and Yang, Xubo and Fan, Ye",
	journal = "Computer Graphics Forum",
	old_key = "Zhu:2010:CPVDS",
	owner = "nathan",
	publisher = "The Eurographics Association and Blackwell Publishing Ltd",
	timestamp = "2016.08.09",
	title = "{Creating and Preserving Vortical Details in {SPH} Fluid}",
	year = "2010"
}

@article{ZhuB:2005,
	address = "New York, NY, USA",
	author = "Zhu, Y. and Bridson, R.",
	doi = "10.1145/1073204.1073298",
	issn = "0730-0301",
	journal = "ACM Trans. Graph.",
	number = "3",
	old_key = "ZB05",
	owner = "nathan",
	pages = "965--972",
	publisher = "ACM",
	timestamp = "2016.10.31",
	title = "{Animating sand as a fluid}",
	volume = "24",
	year = "2005"
}

@inproceedings{ZhuB:2005b,
	__markedentry = "[nathan:]",
	acmid = "1073298",
	author = "Zhu, Yongning and Bridson, Robert",
	doi = "10.1145/1186822.1073298",
	keywords = "animation; physical simulation; sand; water",
	location = "Los Angeles, California",
	numpages = "8",
	old_key = "Zhu:2005:Sand",
	owner = "nathan",
	pages = "965--972",
	series = "{SIGGRAPH '05}",
	timestamp = "2016.10.31",
	title = "{Animating Sand As a Fluid}",
	url = "http://doi.acm.org/10.1145/1186822.1073298",
	year = "2005"
}

@article{ZhuSTB:2010,
	acmid = "1731054",
	articleno = "16",
	author = "Zhu, Yongning and Sifakis, Eftychios and Teran, Joseph and Brandt, Achi",
	doi = "10.1145/1731047.1731054",
	issn = "0730-0301",
	issue_date = "March 2010",
	journal = "ACM Trans. Graph.",
	keywords = "Deformable models; corotational linear elasticity; near-incompressible solids; parallel simulation",
	month = apr,
	number = "2",
	numpages = "18",
	old_key = "zhu:2010:multigrid",
	owner = "nathan",
	pages = "16:1--16:18",
	publisher = "ACM",
	timestamp = "2016.08.09",
	title = "{An Efficient Multigrid Method for the Simulation of High-resolution Elastic Solids}",
	volume = "29",
	year = "2010"
}

@article{ZhuSTB:2010b,
	author = "Zhu, Y. and Sifakis, E. and Teran, J. and Brandt, A.",
	journal = "ACM Transactions on Graphics (TOG)",
	number = "2",
	old_key = "zhu2010efficient",
	pages = "16",
	publisher = "ACM",
	title = "{An efficient multigrid method for the simulation of high-resolution elastic solids}",
	volume = "29",
	year = "2010"
}

@article{BellBTRCBL:2009,
	author = "Bell, R. H. and Biester, T. W. and Tabuenca, A. and Rhodes, R. S. and Cofer, J. B. and Britt, L. D. and Lewis, F. R.",
	journal = "Ann. Surg.",
	month = "May",
	number = "5",
	pages = "719--724",
	title = "{{O}perative experience of residents in {U}{S} general surgery programs: a gap between expectation and experience}",
	volume = "249",
	year = "2009"
}

@article{Chung:2005,
	author = "Chung, R. S.",
	journal = "Am. J. Surg.",
	month = "Sep",
	number = "3",
	pages = "351--353",
	title = "{{H}ow much time do surgical residents need to learn operative surgery?}",
	volume = "190",
	year = "2005"
}

@book{Devro:1986,
	author = "Devroye, Luc",
	location = "New York",
	publisher = "Springer-Verlag",
	school = "McGill University",
	title = "{Non-Uniform Random Variate Generation}",
	year = "1986"
}

@article{CorsiCS:2012,
	author = "Corsini, M. and Cignoni, P. and Scopigno, R.",
	issn = "1077-2626",
	journal = "IEEE Transactions on Visualization and Computer Graphics",
	keywords = "Monte Carlo methods; Poisson distribution; computational geometry; mesh generation; sampling methods; solid modelling; 3D mesh surface; Monte Carlo distribution; blue noise properties; constrained Poisson-disk sampling scheme; flexible sampling; frequency characterization; generic geometric constraints; importance sampling; in-depth analysis; polygonal meshes; triangular meshes; Algorithm design and analysis; Complexity theory; Context modeling; Monte Carlo methods; Noise measurement; Three dimensional displays; Geometry processing; Monte Carlo methods.; Poisson-disk sampling; computational geometry; sampling; three-dimensional graphics and realism",
	month = "June",
	number = "6",
	pages = "914--924",
	title = "{Efficient and Flexible Sampling with Blue Noise Properties of Triangular Meshes}",
	volume = "18",
	year = "2012"
}

@article{New1
}

@article{VyasHSMTPVMGDG2017,
	author = "Vyas, Krishna S. and Hambrick, H. Rhodes and Shakir, Afaaf and Morrison, Shane D. and Tran, Duy C. and Pearson, Keon and Vasconez, Henry C. and Mardini, Samir and Gosman, Amanda A. and Dobke, Marek and Granick, Mark S.",
	doi = "10.1097/SAP.0000000000001044",
	file = ":home/nathan/Research/PaperLibrary/Vyas et al/2017/Vyas et al. - 2017 - A Systematic Review of the Use of Telemedicine in Plastic and Reconstructive Surgery and Dermatology.pdf:pdf",
	isbn = "0000000000",
	issn = "0148-7043",
	journal = "Ann. Plast. Surg.",
	keywords = "breast; burns and wounds; cell phones; communication; dermatology; emergency medicine; hand injuries; maxillofacial injuries; microsurgery; orthopedics; patient care; physician patient; plastic surgery; soft tissue injuries; systematic review; technology; teledermatology; telehealth; telemedicine",
	month = "jun",
	number = "6",
	pages = "1",
	pmid = "28328635",
	title = "{A Systematic Review of the Use of Telemedicine in Plastic and Reconstructive Surgery and Dermatology}",
	url = "http://insights.ovid.com/crossref?an=00000637-900000000-97747",
	volume = "78",
	year = "2017"
}

@book{McCarthy1990,
	author = "McCarthy, J.G.",
	isbn = "9780721625423",
	lccn = "87009809",
	publisher = "Saunders",
	series = "{Plastic Surgery: General Principles}",
	title = "{Plastic Surgery General Principles}",
	year = "1990"
}

@article{New1
}

@inproceedings{SetalWMKS:2014,
	author = "Setaluri, Rajsekhar and Wang, Yu and Mitchell, Nathan and Kavan, Ladislav and Sifakis, Eftychios",
	publisher = "The Eurographics Association",
	title = "{Fast Grid-Based Nonlinear Elasticity for 2D Deformations}",
	year = "2014"
}

@article{LiuMAS:2016,
	author = "Liu, Haixiang and Mitchell, Nathan and Aanjaneya, Mridul and Sifakis, Eftychios",
	doi = "10.1145/2980179.2982430",
	journal = "{ACM} Transactions on Graphics",
	month = "nov",
	number = "6",
	pages = "1--12",
	publisher = "Association for Computing Machinery ({ACM})",
	title = "{A scalable schur-complement fluids solver for heterogeneous compute platforms}",
	url = "https://doi.org/10.1145/2980179.2982430",
	volume = "35",
	year = "2016"
}

@inproceedings{ParkeO:2009,
	author = "Parker, Eric G. and O'Brien, James F.",
	booktitle = "{Proceedings of the ACM SIGGRAPH/Eurographics Symposium on Computer Animation}",
	month = aug,
	pages = "156--166",
	title = "{Real-Time Deformation and Fracture in a Game Environment}",
	url = "http://graphics.berkeley.edu/papers/Parker-RTD-2009-08",
	year = 2009
}

@book{antipatterns:1998,
	editor = "Rising, Linda",
	isbn = "0521648181",
	publisher = "SIGS",
	title = "{The Patterns Handbook: Techniques, Strategies, and Applications}",
	year = "1998"
}

@article{Xu:2017:EBD,
	author = "Xu, Hongyi and Barbi\v{c}, Jernej",
	journal = "ACM Trans. on Graphics (SIGGRAPH 2017)",
	number = "4",
	title = "{Example-Based Damping Design}",
	volume = "36",
	year = "2017"
}

@misc{wxWid:2017,
	author = "wxWidgets",
	howpublished = "\url{https://www.wxwidgets.org}",
	title = "{wxWidgets - A Cross Platform GUI Library}",
	year = "2017"
}

@misc{rfc6455,
	abstract = "The WebSocket Protocol enables two-way communication between a client running untrusted code in a controlled environment to a remote host that has opted-in to communications from that code. The security model used for this is the origin-based security model commonly used by web browsers. The protocol consists of an opening handshake followed by basic message framing, layered over TCP. The goal of this technology is to provide a mechanism for browser-based applications that need two-way communication with servers that does not rely on opening multiple HTTP connections (e.g., using XMLHttpRequest or <iframe>s and long polling). [STANDARDS-TRACK]",
	address = "Fremont, CA, USA",
	author = "Fette, I. and Melnikov, A.",
	howpublished = "RFC 6455 (Proposed Standard)",
	institution = "RFC Editor",
	issn = "2070-1721",
	key = "RFC 6455",
	keywords = "HyBi Working Group; HYBI; websocket",
	month = dec,
	note = "Updated by RFC 7936",
	number = "6455",
	organization = "RFC Editor",
	pages = "1--71",
	publisher = "RFC Editor",
	series = "{Internet Request for Comments}",
	title = "{The WebSocket Protocol}",
	type = "RFC",
	url = "https://www.rfc-editor.org/rfc/rfc6455.txt",
	year = 2011
}

@misc{webgl1.0,
	editor = "Gilbert, Dean and Jackson, Jeff",
	howpublished = "WebGL Specification (Editors Draft)",
	key = "Khronos Group, 2017",
	month = may,
	number = "1.0",
	organization = "Khronos Group",
	publisher = "Khronos Group",
	title = "{WebGL Specification (Editors Draft)}",
	url = "https://www.khronos.org/registry/webgl/specs/latest/1.0",
	year = 2017
}

@article{New1
}

@misc{NodeJS:2017,
	author = "{Node.js Foundation}",
	howpublished = "\url{http://nodejs.org}",
	owner = "nathan",
	timestamp = "2017.06.29",
	title = "{NodeJS}",
	year = "2017"
}

