@InProceedings{TeschHMPG:2003,
	Bibsource = {{DBLP, http://dblp.uni-trier.de}},
	BookTitle = {{VMV}},
	Crossref = {{DBLP:conf/vmv/2003}},
	Old_key = {{Teschner:2003:SpatialHashing}},
	Owner = {{nathan}},
	Timestamp = {{2016.08.09}},
	author = {Teschner, Matthias and Heidelberger, Bruno and Müller, Matthias and Pomerantes, Danat and Gross, Markus},
	title = {{Optimized Spatial Hashing for Collision Detection of Deformable Objects}},
	pages = {47-54},
	year = {2003},
}

@InProceedings{BroC:1996,
	BookTitle = {{Computer Graphics Forum}},
	__markedentry = {{[nathan:6]}},
	Old_key = {{bro-nielsen:1996:realtime}},
	Owner = {{nathan}},
	Timestamp = {{2016.10.31}},
	author = {Bro-nielsen, Morten and Cotin, Stephane},
	title = {{Real-time Volumetric Deformable Models for Surgery Simulation using Finite Elements and Condensation}},
	pages = {57-66},
	year = {1996},
}

@Article{AanjaPF:2013,
	__markedentry = {{[nathan:]}},
	Old_key = {{aanjaneya:2013:bubbles}},
	Owner = {{nathan}},
	Timestamp = {{2016.10.31}},
	author = {Aanjaneya, Mridul and Patkar, Saket and Fedkiw, Ronald},
	title = {{A Monolithic Mass Tracking Formulation for Bubbles in Incompressible Flow}},
	journal = {{J. Comput. Phys.}},
	volume = {247},
	pages = {17-61},
	year = {2013},
}

@Article{AdalsS:1999,
	Old_key = {{Adalsteinsson:1999:FCEVLS}},
	Owner = {{nathan}},
	Timestamp = {{2016.08.09}},
	author = {Adalsteinsson, D. and Sethian, J. A.},
	title = {{The Fast Construction of Extension Velocities in Level Set Methods }},
	journal = {{Journal of Computational Physics }},
	volume = {148},
	number = {1},
	pages = {2-22},
	year = {1999},
}

@Article{AdalsS:1994,
	Old_key = {{Adalsteinsson94afast}},
	Owner = {{nathan}},
	Timestamp = {{2016.08.09}},
	author = {Adalsteinsson, David and Sethian, James A.},
	title = {{A Fast Level Set Method for Propagating Interfaces}},
	journal = {{JCP}},
	volume = {118},
	pages = {269-277},
	year = {1994},
}

@InProceedings{AdamsPKG:2007,
	Acmid = {{1276437}},
	Address = {{New York, NY, USA}},
	Articleno = {{48}},
	BookTitle = {{ACM SIGGRAPH 2007 Papers}},
	Doi = {{10.1145/1275808.1276437}},
	Location = {{San Diego, California}},
	__markedentry = {{[nathan:]}},
	Old_key = {{Adams:2007:AdaptiveParticleFluids}},
	Owner = {{nathan}},
	Publisher = {{ACM}},
	Series = {{SIGGRAPH ’07}},
	Timestamp = {{2016.10.31}},
	Url = {{http://doi.acm.org/10.1145/1275808.1276437}},
	author = {Adams, Bart and Pauly, Mark and Keiser, Richard and Guibas, Leonidas J.},
	title = {{Adaptively Sampled Particle Fluids}},
	year = {2007},
}

@Misc{AftosBM:2004,
	Old_key = {{Aftosmis:2004:Space-Filling}},
	Owner = {{nathan}},
	Timestamp = {{2016.08.09}},
	Url = {{42nd Aerospace Sciences Meeting and Exhibit}},
	author = {Aftosmis, M. J. and Berger, M. J. and Murman, S. M.},
	title = {{Applications of Space-Filling Curves to Cartesian Methods for CFD}},
	year = {2004},
}

@Misc{AftosBM:2004b,
	__markedentry = {{[nathan:]}},
	Old_key = {{Aftosmis:2004:Space-Filling}},
	Owner = {{nathan}},
	Timestamp = {{2016.10.31}},
	Url = {{42nd Aerospace Sciences Meeting and Exhibit}},
	author = {Aftosmis, M. J. and Berger, M. J. and Murman, S. M.},
	title = {{Applications of Space-Filling Curves to Cartesian Methods for CFD}},
	year = {2004},
}

@Article{Ali-HLGKFPC:2013,
	Acmid = {{2508415}},
	Articleno = {{188}},
	Doi = {{10.1145/2508363.2508415}},
	Issn = {{0730-0301}},
	Issue_date = {{November 2013}},
	Keywords = {{character modeling}},
	Month = {{nov}},
	Numpages = {{8}},
	Old_key = {{ali-hamadi:2013:anatomy}},
	Owner = {{nathan}},
	Publisher = {{ACM}},
	Timestamp = {{2016.08.09}},
	author = {Ali-Hamadi, Dicko and Liu, Tiantian and Gilles, Benjamin and Kavan, Ladislav and Faure, François and Palombi, Olivier and Cani, Marie-Paule},
	title = {{Anatomy Transfer}},
	journal = {{ACM Trans. Graph.}},
	volume = {32},
	number = {6},
	pages = {188-1},
	year = {2013},
}

@InProceedings{AllarCFBPDDGo:2007,
	BookTitle = {{MMVR 15}},
	__markedentry = {{[nathan:6]}},
	Old_key = {{allard:2007:sofa}},
	Owner = {{nathan}},
	Publisher = {{IOS Press}},
	Timestamp = {{2016.10.31}},
	author = {Allard, Jérémie and Cotin, Stéphane and Faure, François and Bensoussan, Pierre-Jean and Poyer, François and Duriez, Christian and Delingette, Hervé and Grisoni, Laurent and others,},
	title = {{SOFA - an Open Source Framework for Medical Simulation}},
	year = {2007},
}

@Article{AlmgrBCM:1997,
	Old_key = {{almgren:1997:cartesian}},
	Publisher = {{Philadelphia, PA: SIAM, c1993-}},
	author = {Almgren, A. S. and Bell, J. B. and Colella, P. and Marthaler, T.},
	title = {{A Cartesian grid projection method for the incompressible Euler equations in complex geometries}},
	journal = {{SIAM Journal on Scientific Computing}},
	volume = {18},
	number = {5},
	pages = {1289-1309},
	year = {1997},
}

@InProceedings{AmentKWS:2010,
	BookTitle = {{Proceedings of the 18th Euromicro Conference on Parallel, Distributed and Network-based Processing}},
	Old_key = {{DBLP:conf/pdp/AmentKWS10}},
	Owner = {{nathan}},
	Timestamp = {{2016.08.09}},
	author = {Ament, Marco and Knittel, Günter and Weiskopf, Daniel and Straßer, Wolfgang},
	title = {{A Parallel Preconditioned Conjugate Gradient Solver for the Poisson Problem on a Multi-GPU Platform}},
	pages = {583-592},
	year = {2010},
}

@Article{AndoTW:2013,
	Acmid = {{2461982}},
	Address = {{New York, NY, USA}},
	Articleno = {{103}},
	Doi = {{10.1145/2461912.2461982}},
	Issn = {{0730-0301}},
	Issue_date = {{July 2013}},
	Keywords = {{adaptivity, fluid simulation, tetrahedral discretization}},
	__markedentry = {{[nathan:]}},
	Month = {{jul}},
	Numpages = {{10}},
	Old_key = {{Ando:2013:AdaptiveLiuqidTetrahedral}},
	Owner = {{nathan}},
	Publisher = {{ACM}},
	Timestamp = {{2016.10.31}},
	Url = {{http://doi.acm.org/10.1145/2461912.2461982}},
	author = {Ando, Ryoichi and Thürey, Nils and Wojtan, Chris},
	title = {{Highly Adaptive Liquid Simulations on Tetrahedral Meshes}},
	journal = {{ACM Trans. Graph.}},
	volume = {32},
	number = {4},
	pages = {103-1},
	year = {2013},
}

@Article{AndoTW:2015,
	__markedentry = {{[nathan:]}},
	Old_key = {{ando2015eg}},
	Owner = {{nathan}},
	Timestamp = {{2016.10.31}},
	author = {Ando, Ryoichi and Thürey, Nils and Wojtan, Chris},
	title = {{A Dimension-reduced Pressure Solver for Liquid Simulations}},
	journal = {{EUROGRAPHICS 2015}},
	year = {2015},
}

@Article{AndoTW:2015b,
	__markedentry = {{[nathan:]}},
	Old_key = {{Ando:2015:SFS}},
	Owner = {{nathan}},
	Timestamp = {{2016.10.31}},
	author = {Ando, Ryoichi and Thuerey, Nils and Wojtan, Chris},
	title = {{A Stream Function Solver for Liquid Simulations}},
	journal = {{ACM Trans. Graph.}},
	volume = {34},
	number = {4},
	pages = {53-1},
	year = {2015},
}

@Article{AngstTBG:2008,
	Doi = {{10.1111/j.1467-8659.2008.01337.x}},
	Issn = {{1467-8659}},
	Keywords = {{I.3.7 [Computer Graphics]: Three-Dimensional Graphics and Realism, Animation, I.6.8 [Types of Simulation]: Gaming}},
	__markedentry = {{[nathan:]}},
	Old_key = {{Angst:2008:RobustEfficientWave}},
	Owner = {{nathan}},
	Publisher = {{Blackwell Publishing Ltd}},
	Timestamp = {{2016.10.31}},
	Url = {{http://dx.doi.org/10.1111/j.1467-8659.2008.01337.x}},
	author = {Angst, Roland and Thuerey, Nils and Botsch, Mario and Gross, Markus},
	title = {{Robust and Efficient Wave Simulations on Deforming Meshes}},
	journal = {{Computer Graphics Forum}},
	volume = {27},
	number = {7},
	pages = {1895-1900},
	year = {2008},
}

@Misc{ASF:2008--2014,
	__markedentry = {{[nathan:6]}},
	Old_key = {{apache:2014:thrift}},
	Owner = {{nathan}},
	Timestamp = {{2016.10.31}},
	Url = {{http://thrift.apache.org/}},
	author = {Foundation, Apache Software},
	title = {{Apache Thrift}},
	year = {2008–2014},
}

@Misc{ASF:2008--2014b,
	Old_key = {{apache:2014:thrift}},
	Owner = {{nathan}},
	Timestamp = {{2016.08.09}},
	Url = {{http://thrift.apache.org/}},
	author = {Foundation, Apache Software},
	title = {{Apache Thrift}},
	year = {2008–2014},
}

@Misc{ASF:2008--2014c,
	Old_key = {{ASF2008–2014}},
	Owner = {{nathan}},
	Timestamp = {{2016.08.09}},
	Url = {{http://thrift.apache.org/}},
	author = {Foundation, Apache Software},
	title = {{Apache Thrift}},
	year = {2008–2014},
}

@Article{Arnol:1990,
	Coden = {{CMMECC}},
	File = {{mixed.pdf:http\://umn.edu/ arnold/papers/mixed.pdf:PDF}},
	Fjournal = {{Computer Methods in Applied Mechanics and Engineering}},
	Issn = {{0045-7825}},
	Keywords = {{mixed method, finite element, variational principle}},
	Mrclass = {{65N30 (73V05 76M10)}},
	Mrnumber = {{MR1077658 (91h:65168)}},
	Old_key = {{arnold:1990:mixed}},
	Owner = {{nathan}},
	Subjclass = {{65N30, 73C35, 73K25}},
	Timestamp = {{2016.10.31}},
	author = {Arnold, Douglas N.},
	title = {{Mixed finite element methods for elliptic problems}},
	journal = {{Computer Methods in Applied Mechanics and Engineering}},
	volume = {82},
	number = {1-3},
	pages = {281-300},
	year = {1990},
}

@InProceedings{BaileBAW:2015,
	BookTitle = {{ACM SIGGRAPH 2015 Talks}},
	__markedentry = {{[nathan:]}},
	Old_key = {{Bailey:2015:DLU}},
	Owner = {{nathan}},
	Series = {{SIGGRAPH ’15}},
	Timestamp = {{2016.10.31}},
	author = {Bailey, Dan and Biddle, Harry and Avramoussis, Nick and Warner, Matthew},
	title = {{Distributing Liquids Using OpenVDB}},
	year = {2015},
}

@Book{Baker:2014,
	__markedentry = {{[nathan:6]}},
	Old_key = {{Baker:2007:localflaps}},
	Owner = {{nathan}},
	Publisher = {{Saunders}},
	Timestamp = {{2016.10.31}},
	author = {Baker, Shan R.},
	title = {{Local Flaps in Facial Reconstruction (3rd ed.)}},
	year = {2014},
}

@Article{BarafWK:2003,
	__markedentry = {{[nathan:]}},
	Old_key = {{Baraff:2003:UC}},
	Owner = {{nathan}},
	Timestamp = {{2016.10.31}},
	author = {Baraff, David and Witkin, Andrew and Kass, Michael},
	title = {{Untangling Cloth}},
	journal = {{ACM Trans. Graph.}},
	volume = {22},
	number = {3},
	pages = {862-870},
	year = {2003},
}

@Article{BaranP:2007,
	Acmid = {{1276467}},
	Articleno = {{72}},
	Doi = {{10.1145/1276377.1276467}},
	Issn = {{0730-0301}},
	Issue_date = {{July 2007}},
	Keywords = {{animation, deformations, geometric modeling}},
	__markedentry = {{[nathan:6]}},
	Month = {{jul}},
	Old_key = {{Baran:2007:ARA:1276377.1276467}},
	Owner = {{nathan}},
	Publisher = {{ACM}},
	Timestamp = {{2016.10.31}},
	author = {Baran, Ilya and Popović, Jovan},
	title = {{Automatic Rigging and Animation of 3D Characters}},
	journal = {{ACM Trans. Graph.}},
	volume = {26},
	number = {3},
	year = {2007},
}

@Article{BarbiJ:2005,
	Old_key = {{barbic:2005:stvenant}},
	Owner = {{nathan}},
	Timestamp = {{2016.10.31}},
	author = {Barbic, J. and James, D.},
	title = {{Real-Time Subspace Integration of St.Venant-Kirchoff Deformable Models}},
	journal = {{ACM Trans. Graph. (SIGGRAPH Proc.)}},
	volume = {24},
	number = {3},
	pages = {982-990},
	year = {2005},
}

@Article{BattyBB:2007,
	Acmid = {{1276502}},
	Address = {{New York, NY, USA}},
	Articleno = {{100}},
	Doi = {{10.1145/1276377.1276502}},
	Issn = {{0730-0301}},
	Issue_date = {{July 2007}},
	Keywords = {{fluid simulation, fluid-solid coupling, physically-based animation}},
	Month = {{jul}},
	Old_key = {{BBB07}},
	Owner = {{nathan}},
	Publisher = {{ACM}},
	Timestamp = {{2016.10.31}},
	Url = {{http://doi.acm.org/10.1145/1276377.1276502}},
	author = {Batty, Christopher and Bertails, Florence and Bridson, Robert},
	title = {{A fast variational framework for accurate solid-fluid coupling}},
	journal = {{ACM Transactions on Graphics (SIGGRAPH Proceedings)}},
	volume = {26},
	number = {3},
	year = {2007},
}

@InProceedings{BattyBB:2007b,
	Acmid = {{1276502}},
	Address = {{New York, NY, USA}},
	Articleno = {{100}},
	BookTitle = {{ACM SIGGRAPH 2007 Papers}},
	Doi = {{10.1145/1275808.1276502}},
	Keywords = {{fluid simulation, fluid-solid coupling, physically-based animation}},
	Location = {{San Diego, California}},
	__markedentry = {{[nathan:]}},
	Old_key = {{Batty:2007:VariationalSolidFluid}},
	Owner = {{nathan}},
	Publisher = {{ACM}},
	Series = {{SIGGRAPH ’07}},
	Timestamp = {{2016.10.31}},
	Url = {{http://doi.acm.org/10.1145/1275808.1276502}},
	author = {Batty, Christopher and Bertails, Florence and Bridson, Robert},
	title = {{A Fast Variational Framework for Accurate Solid-fluid Coupling}},
	year = {2007},
}

@Article{BattyXH:2010,
	Doi = {{10.1111/j.1467-8659.2009.01639.x}},
	Issn = {{1467-8659}},
	Keywords = {{I.3.5 [Computer Graphics]: Computational Geometry and Object Modeling—Physically based modeling, I.3.7 [Computer Graphics]: Three-Dimensional Graphics and Realism—Animation}},
	__markedentry = {{[nathan:]}},
	Old_key = {{Batty:2010:TetrahedralEmbeddedBoundary}},
	Owner = {{nathan}},
	Publisher = {{Blackwell Publishing Ltd}},
	Timestamp = {{2016.10.31}},
	Url = {{http://dx.doi.org/10.1111/j.1467-8659.2009.01639.x}},
	author = {Batty, Christopher and Xenos, Stefan and Houston, Ben},
	title = {{Tetrahedral Embedded Boundary Methods for Accurate and Flexible Adaptive Fluids}},
	journal = {{Computer Graphics Forum}},
	volume = {29},
	number = {2},
	pages = {695-704},
	year = {2010},
}

@InProceedings{BendeK:2015,
	__markedentry = {{[nathan:]}},
	Old_key = {{Bender:2015:DSP}},
	Owner = {{nathan}},
	Series = {{SCA ’15}},
	Timestamp = {{2016.10.31}},
	author = {Bender, Jan and Koschier, Dan},
	title = {{Divergence-free Smoothed Particle Hydrodynamics}},
	pages = {147-155},
	year = {2015},
}

@Article{BergeC:1989,
	__markedentry = {{[nathan:]}},
	Old_key = {{Berger:1989:AMR}},
	Owner = {{nathan}},
	Timestamp = {{2016.10.31}},
	author = {Berger, M. and Colella, P.},
	title = {{Local adaptive mesh refinement for shock hydrodynamics}},
	journal = {{J. Comput. Phys.}},
	volume = {82},
	pages = {64-84},
	year = {1989},
}

@Article{BergeO:1984,
	Doi = {{http://dx.doi.org/10.1016/0021-9991(84)90073-1}},
	Issn = {{0021-9991}},
	__markedentry = {{[nathan:]}},
	Old_key = {{Berger:1984:AMR}},
	Owner = {{nathan}},
	Timestamp = {{2016.10.31}},
	Url = {{http://www.sciencedirect.com/science/article/pii/0021999184900731}},
	author = {Berger, Marsha J. and Oliger, Joseph},
	title = {{Adaptive mesh refinement for hyperbolic partial differential equations }},
	journal = {{Journal of Computational Physics }},
	volume = {53},
	number = {3},
	pages = {484-512},
	year = {1984},
}

@Book{BlakeI:2000,
	__markedentry = {{[nathan:]}},
	Old_key = {{blake:2000:activecontours}},
	Owner = {{nathan}},
	Publisher = {{Springer}},
	Timestamp = {{2016.10.31}},
	author = {Blake, Andrew and Isard, Michael},
	title = {{Active Contours}},
	year = {2000},
}

@InProceedings{BloomF:1995,
	__markedentry = {{[nathan:]}},
	Old_key = {{Bloomenthal:1995:PNI}},
	Owner = {{nathan}},
	Series = {{SIGGRAPH ’95}},
	Timestamp = {{2016.10.31}},
	author = {Bloomenthal, Jules and Ferguson, Keith},
	title = {{Polygonization of Non-manifold Implicit Surfaces}},
	pages = {309-316},
	year = {1995},
}

@InProceedings{BolzFGS:2003,
	Address = {{New York, NY, USA}},
	BookTitle = {{SIGGRAPH ’03: ACM SIGGRAPH 2003 Papers}},
	Doi = {{http://doi.acm.org/10.1145/1201775.882364}},
	Isbn = {{1-58113-709-5}},
	Location = {{San Diego, California}},
	Old_key = {{BFGS03}},
	Owner = {{nathan}},
	Publisher = {{ACM}},
	Timestamp = {{2016.10.31}},
	author = {Bolz, J. and Farmer, I. and Grinspun, E. and Schröoder, P.},
	title = {{Sparse matrix solvers on the GPU: conjugate gradients and multigrid}},
	pages = {917-924},
	year = {2003},
}

@Article{BolzFGS:2003b,
	Old_key = {{Bolz:2003:SMS}},
	Owner = {{nathan}},
	Timestamp = {{2016.10.31}},
	author = {Bolz, J. and Farmer, I. and Grinspun, E. and Schroder, P.},
	title = {{Sparse Matrix Solvers on the GPU: Conjugate Gradients and Multigrid}},
	journal = {{ACM Trans. Graph. (SIGGRAPH Proc.)}},
	volume = {22},
	number = {3},
	pages = {917-924},
	year = {2003},
}

@Book{BonetW:1997,
	Old_key = {{bonet:1997:nonlinear}},
	Owner = {{nathan}},
	Publisher = {{Cambridge University Press}},
	Timestamp = {{2016.10.31}},
	author = {Bonet, J. and Wood, R. D.},
	title = {{Nonlinear Continuum Mechanics for Finite Element Analysis}},
	year = {1997},
}

@Article{BouazMLKP:2014,
	Acmid = {{2601116}},
	Address = {{New York, NY, USA}},
	Articleno = {{154}},
	Doi = {{10.1145/2601097.2601116}},
	Issn = {{0730-0301}},
	Issue_date = {{July 2014}},
	Keywords = {{continuum mechanics, implicit Euler method, physics-based animation, position based dynamics}},
	__markedentry = {{[nathan:6]}},
	Month = {{jul}},
	Numpages = {{11}},
	Old_key = {{Bouaziz:2014:Projective}},
	Owner = {{nathan}},
	Publisher = {{ACM}},
	Timestamp = {{2016.10.31}},
	author = {Bouaziz, Sofien and Martin, Sebastian and Liu, Tiantian and Kavan, Ladislav and Pauly, Mark},
	title = {{Projective Dynamics: Fusing Constraint Projections for Fast Simulation}},
	journal = {{ACM Trans. Graph.}},
	volume = {33},
	number = {4},
	pages = {154-1},
	year = {2014},
}

@Article{BrackKZ:1992,
	__markedentry = {{[nathan:]}},
	Old_key = {{brackbill:1992:VOF}},
	Owner = {{nathan}},
	Timestamp = {{2016.10.31}},
	author = {Brackbill, J. U. and Kothe, D. B. and Zemach, C.},
	title = {{A Continuum method for modelling surface tension}},
	journal = {{J. Comput. Phys.}},
	volume = {100},
	pages = {335-353},
	year = {1992},
}

@Article{Brand:1994,
	Old_key = {{brandt:1994:analysis}},
	Owner = {{nathan}},
	Publisher = {{SIAM SOCIETY FOR INDUSTRIAL AND APPLIED}},
	Timestamp = {{2016.10.31}},
	author = {Brandt, A.},
	title = {{Rigorous Quantitative Analysis of Multigrid, I: Constant Coefficients Two-Level Cycle with $L_2$-Norm}},
	journal = {{SIAM Journal on Numerical Analysis}},
	volume = {31},
	pages = {1695-1695},
	year = {1994},
}

@Article{Brand:1986,
	Old_key = {{brandt:1986:amg}},
	Owner = {{nathan}},
	Publisher = {{Elsevier Science Inc. New York, NY, USA}},
	Timestamp = {{2016.10.31}},
	author = {Brandt, A.},
	title = {{Algebraic multigrid theory: The symmetric case}},
	journal = {{Applied Mathematics and Computation}},
	volume = {19},
	number = {1-4},
	pages = {23-56},
	year = {1986},
}

@Article{Brand:1977,
	Old_key = {{brandt:1977:multilevel}},
	Owner = {{nathan}},
	Timestamp = {{2016.10.31}},
	author = {Brandt, A.},
	title = {{Multi-level adaptive solutions to boundary-value problems}},
	journal = {{Mathematics of Computation}},
	volume = {31},
	number = {138},
	pages = {333-390},
	year = {1977},
}

@Article{BrandD:1978,
	Old_key = {{brandt:1978:multigrid}},
	Owner = {{nathan}},
	Publisher = {{Academic Press. New York, NY, USA}},
	Timestamp = {{2016.10.31}},
	author = {Brandt, A. and Dinar, N.},
	title = {{Multigrid solutions to elliptic flow problems}},
	journal = {{Numerical methods for partial differential equations}},
	pages = {53-147},
	year = {1978},
}

@Book{BrezzF:1991,
	Old_key = {{brezzi:1991:mixed}},
	Owner = {{nathan}},
	Publisher = {{Springer-Verlag: New York}},
	Timestamp = {{2016.10.31}},
	author = {Brezzi, F. and Fortin, M.},
	title = {{Mixed and hybrid finite element methods}},
	year = {1991},
}

@Article{BridsFA:2002,
	__markedentry = {{[nathan:]}},
	Old_key = {{Bridson:2002:RTC}},
	Owner = {{nathan}},
	Timestamp = {{2016.10.31}},
	author = {Bridson, Robert and Fedkiw, Ronald and Anderson, John},
	title = {{Robust Treatment of Collisions, Contact and Friction for Cloth Animation}},
	journal = {{ACM Trans. Graph.}},
	volume = {21},
	number = {3},
	pages = {594-603},
	year = {2002},
}

@InProceedings{BridsMF:2003,
	__markedentry = {{[nathan:]}},
	Old_key = {{Bridson:2003:SCF}},
	Owner = {{nathan}},
	Series = {{SCA ’03}},
	Timestamp = {{2016.10.31}},
	author = {Bridson, R. and Marino, S. and Fedkiw, R.},
	title = {{Simulation of Clothing with Folds and Wrinkles}},
	pages = {28-36},
	year = {2003},
}

@Article{BridsTMF:2005,
	__markedentry = {{[nathan:]}},
	Old_key = {{Bridson:2005:APTMGL}},
	Owner = {{nathan}},
	Timestamp = {{2016.10.31}},
	author = {Bridson, Robert and Teran, Joseph and Molino, Neil and Fedkiw, Ronald},
	title = {{Adaptive Physics Based Tetrahedral Mesh Generation Using Level Sets}},
	journal = {{Engineering with Computers}},
	pages = {2-18},
	year = {2005},
}

@InProceedings{BrochBB:2010,
	Acmid = {{1778784}},
	Address = {{NY, USA}},
	Articleno = {{47}},
	BookTitle = {{SIGGRAPH ’10}},
	Doi = {{10.1145/1833349.1778784}},
	Isbn = {{978-1-4503-0210-4}},
	Keywords = {{fluid simulation, liquids, meshes, surface tension}},
	Location = {{Los Angeles, California}},
	__markedentry = {{[nathan:]}},
	Numpages = {{9}},
	Old_key = {{Brochu:2010:MatchingFluidSimElements}},
	Owner = {{nathan}},
	Timestamp = {{2016.10.31}},
	Url = {{http://doi.acm.org/10.1145/1833349.1778784}},
	author = {Brochu, Tyson and Batty, Christopher and Bridson, Robert},
	title = {{Matching Fluid Simulation Elements to Surface Geometry and Topology}},
	pages = {47-1},
	year = {2010},
}

@Article{BrunGG:2012,
	Acmid = {{2110048}},
	Address = {{San Diego, CA, USA}},
	Doi = {{10.1016/j.jcp.2011.12.001}},
	Issn = {{0021-9991}},
	Issue_date = {{March, 2012}},
	Keywords = {{Hash tables, Irregular domains, Level-set, Local level-set, Reinitialization}},
	__markedentry = {{[nathan:]}},
	Month = {{mar}},
	Numpages = {{9}},
	Old_key = {{Brun:2012:LevelSetHashTable}},
	Owner = {{nathan}},
	Publisher = {{Academic Press Professional, Inc.}},
	Timestamp = {{2016.10.31}},
	Url = {{http://dx.doi.org/10.1016/j.jcp.2011.12.001}},
	author = {Brun, Emmanuel and Guittet, Arthur and Gibou, Frédéric},
	title = {{A Local Level-set Method Using a Hash Table Data Structure}},
	journal = {{J. Comput. Phys.}},
	volume = {231},
	number = {6},
	pages = {2528-2536},
	year = {2012},
}

@Article{CaideFA:2001,
	__markedentry = {{[nathan:]}},
	Old_key = {{CFA:2001}},
	Owner = {{nathan}},
	Timestamp = {{2016.10.31}},
	author = {Caiden, R. and Fedkiw, R. and Anderson, C.},
	title = {{A Numerical Method for Two Phase Flow Consisting of Separate Compressible and Incompressible Regions}},
	journal = {{J. Comput. Phys.}},
	volume = {166},
	pages = {1-27},
	year = {2001},
}

@InProceedings{CapelBCDP:2005,
	Acmid = {{1073412}},
	Doi = {{10.1145/1073368.1073412}},
	Isbn = {{1-59593-198-8}},
	Location = {{Los Angeles, California}},
	__markedentry = {{[nathan:6]}},
	Numpages = {{10}},
	Old_key = {{Capell:2005:PBR:1073368.1073412}},
	Owner = {{nathan}},
	Publisher = {{ACM}},
	Series = {{SCA ’05}},
	Timestamp = {{2016.10.31}},
	author = {Capell, Steve and Burkhart, Matthew and Curless, Brian and Duchamp, Tom and Popović, Zoran},
	title = {{Physically Based Rigging for Deformable Characters}},
	pages = {301-310},
	year = {2005},
}

@InProceedings{CapelGCDP:2002b,
	BookTitle = {{ACM SIGGRAPH Symp. on Comput. Anim.}},
	Old_key = {{capell:2002:multresolution}},
	Owner = {{nathan}},
	Publisher = {{ACM Press}},
	Timestamp = {{2016.10.31}},
	author = {Capell, S. and Green, S. and Curless, B. and Duchamp, T. and Popović, Z.},
	title = {{A Multiresolution Framework for Dynamic Deformations}},
	pages = {41-48},
	year = {2002},
}

@Article{CapelGCDP:2002,
	Acmid = {{566622}},
	Doi = {{10.1145/566654.566622}},
	Issn = {{0730-0301}},
	Issue_date = {{July 2002}},
	Keywords = {{animation, deformation, physically-based animation, physically-based modeling}},
	__markedentry = {{[nathan:6]}},
	Month = {{jul}},
	Numpages = {{8}},
	Old_key = {{Capell:2002:ISD:566654.566622}},
	Owner = {{nathan}},
	Publisher = {{ACM}},
	Timestamp = {{2016.10.31}},
	author = {Capell, Steve and Green, Seth and Curless, Brian and Duchamp, Tom and Popović, Zoran},
	title = {{Interactive Skeleton-driven Dynamic Deformations}},
	journal = {{ACM Trans. Graph.}},
	volume = {21},
	number = {3},
	pages = {586-593},
	year = {2002},
}

@InProceedings{CarlsMT:2004,
	Address = {{New York, NY, USA}},
	BookTitle = {{SIGGRAPH ’04: ACM SIGGRAPH 2004 Papers}},
	Doi = {{http://doi.acm.org/10.1145/1186562.1015733}},
	Location = {{Los Angeles, California}},
	Old_key = {{CMT04}},
	Owner = {{nathan}},
	Publisher = {{ACM}},
	Timestamp = {{2016.10.31}},
	author = {Carlson, M. and Mucha, P. and Turk, G.},
	title = {{Rigid fluid: animating the interplay between rigid bodies and fluid}},
	pages = {377-384},
	year = {2004},
}

@Article{CavusGT:2006,
	__markedentry = {{[nathan:6]}},
	Old_key = {{cavusoglu:2006:gipsi}},
	Owner = {{nathan}},
	Publisher = {{IEEE}},
	Timestamp = {{2016.10.31}},
	author = {Cavusoglu, Murat Cenk and Goktekin, Tolga G. and Tendick, Frank},
	title = {{GiPSi: A Framework for Open Source/Open Architecture Software Development for Organ-Level Surgical Simulation}},
	journal = {{Information Technology in Biomedicine, IEEE Transactions on}},
	volume = {10},
	number = {2},
	pages = {312-322},
	year = {2006},
}

@Article{ChaoPSS:2010,
	Acmid = {{1778775}},
	Articleno = {{38}},
	Doi = {{10.1145/1778765.1778775}},
	Issn = {{0730-0301}},
	Issue_date = {{July 2010}},
	Keywords = {{digital geometry processing, discrete differential geometry, elasticity, geometric modeling, morphing, parameterization, shape space interpolation}},
	__markedentry = {{[nathan:6]}},
	Month = {{jul}},
	Numpages = {{6}},
	Old_key = {{Chao:2010:SGM:1778765.1778775}},
	Owner = {{nathan}},
	Publisher = {{ACM}},
	Timestamp = {{2016.10.31}},
	author = {Chao, Isaac and Pinkall, Ulrich and Sanan, Patrick and Schröder, Peter},
	title = {{A Simple Geometric Model for Elastic Deformations}},
	journal = {{ACM Trans. Graph.}},
	volume = {29},
	number = {4},
	pages = {38-1},
	year = {2010},
}

@Article{ChenZ:1992,
	Acmid = {{134016}},
	Doi = {{10.1145/142920.134016}},
	Issn = {{0097-8930}},
	Issue_date = {{July 1992}},
	Keywords = {{character animation, finite element method, non-linear dynamics}},
	__markedentry = {{[nathan:6]}},
	Month = {{jul}},
	Numpages = {{10}},
	Old_key = {{Chen:1992:biomechanicalmuscle}},
	Owner = {{nathan}},
	Publisher = {{ACM}},
	Timestamp = {{2016.10.31}},
	author = {Chen, David T. and Zeltzer, David},
	title = {{Pump It Up: Computer Animation of a Biomechanically Based Model of Muscle Using the Finite Element Method}},
	journal = {{SIGGRAPH Comput. Graph.}},
	volume = {26},
	number = {2},
	pages = {89-98},
	year = {1992},
}

@Article{ChenKIW:2015,
	__markedentry = {{[nathan:]}},
	Old_key = {{Chen:2015:WGP}},
	Owner = {{nathan}},
	Timestamp = {{2016.10.31}},
	author = {Chen, Zhili and Kim, Byungmoon and Ito, Daichi and Wang, Huamin},
	title = {{Wetbrush: GPU-based 3D Painting Simulation at the Bristle Level}},
	journal = {{ACM Trans. Graph.}},
	volume = {34},
	number = {6},
	pages = {200-1},
	year = {2015},
}

@Article{ChentARCHGSO:2009,
	Acmid = {{1531394}},
	Articleno = {{88}},
	Doi = {{10.1145/1531326.1531394}},
	Issn = {{0730-0301}},
	Issue_date = {{August 2009}},
	Keywords = {{coupled simulation, needle insertion, real-time finite element methods, surgical simulation}},
	__markedentry = {{[nathan:6]}},
	Month = {{jul}},
	Numpages = {{10}},
	Old_key = {{Chentanez:2009:needle}},
	Owner = {{nathan}},
	Publisher = {{ACM}},
	Timestamp = {{2016.10.31}},
	author = {Chentanez, Nuttapong and Alterovitz, Ron and Ritchie, Daniel and Cho, Lita and Hauser, Kris K. and Goldberg, Ken and Shewchuk, Jonathan R. and O’Brien, James F.},
	title = {{Interactive Simulation of Surgical Needle Insertion and Steering}},
	journal = {{ACM Trans. Graph.}},
	volume = {28},
	number = {3},
	pages = {88-1},
	year = {2009},
}

@InProceedings{ChentFLOS:2007,
	Acmid = {{1272720}},
	Address = {{Switzerland}},
	Isbn = {{978-1-59593-624-0}},
	Keywords = {{computational fluid dynamics, natural phenomena, physically based animation, tetrahedral mesh}},
	Location = {{San Diego, California}},
	__markedentry = {{[nathan:]}},
	Numpages = {{10}},
	Old_key = {{Chentanez:2007:LiquidOnLatticeBasedTetrahedral}},
	Owner = {{nathan}},
	Series = {{SCA ’07}},
	Timestamp = {{2016.10.31}},
	Url = {{http://dl.acm.org/citation.cfm?id=1272690.1272720}},
	author = {Chentanez, Nuttapong and Feldman, Bryan E. and Labelle, François and O’Brien, James F. and Shewchuk, Jonathan R.},
	title = {{Liquid Simulation on Lattice-based Tetrahedral Meshes}},
	pages = {219-228},
	year = {2007},
}

@InProceedings{ChentM:2011,
	__markedentry = {{[nathan:]}},
	Old_key = {{Chentanez:2011:RealTimeEulerian}},
	Owner = {{nathan}},
	Series = {{SIGGRAPH ’11}},
	Timestamp = {{2016.10.31}},
	author = {Chentanez, Nuttapong and Müller, Matthias},
	title = {{Real-time Eulerian Water Simulation Using a Restricted Tall Cell Grid}},
	pages = {82-1},
	year = {2011},
}

@Article{ChentMMK:2015,
	__markedentry = {{[nathan:]}},
	Old_key = {{Chentanez:2015:FGS}},
	Owner = {{nathan}},
	Timestamp = {{2016.10.31}},
	author = {Chentanez, Nuttapong and Müller, Matthias and Macklin, Miles and Kim, Tae-Yong},
	title = {{Fast Grid-free Surface Tracking}},
	journal = {{ACM Trans. Graph.}},
	volume = {34},
	number = {4},
	pages = {148-1},
	year = {2015},
}

@Article{Chori:1968,
	__markedentry = {{[nathan:]}},
	Old_key = {{chorin:1968:NNS}},
	Owner = {{nathan}},
	Timestamp = {{2016.10.31}},
	author = {Chorin, A. J.},
	title = {{Numerical solution of the Navier-Stokes Equations}},
	journal = {{Math. Comp.}},
	volume = {22},
	number = {1},
	pages = {745-762},
	year = {1968},
}

@Article{ChrisNM:2012,
	Acmid = {{2124653}},
	Address = {{New York, NY, USA}},
	Doi = {{10.1007/s10915-011-9488-0}},
	Issn = {{0885-7474}},
	Issue_date = {{February 2012}},
	Keywords = {{Code transformation, Level set methods, Loop skewing, Loop tiling, Out-of-core, Parallelism, Streaming}},
	__markedentry = {{[nathan:]}},
	Month = {{feb}},
	Numpages = {{37}},
	Old_key = {{Christensen:2012:CodeTransformation}},
	Owner = {{nathan}},
	Publisher = {{Plenum Press}},
	Timestamp = {{2016.10.31}},
	Url = {{http://dx.doi.org/10.1007/s10915-011-9488-0}},
	author = {Christensen, Brian B. and Nielsen, Michael B. and Museth, Ken},
	title = {{Out-of-Core Computations of High-Resolution Level Sets by Means of Code Transformation}},
	journal = {{J. Sci. Comput.}},
	volume = {50},
	number = {2},
	pages = {368-404},
	year = {2012},
}

@InProceedings{ChuanLBRK:2009,
	BookTitle = {{Proceedings of the Symposium on Geometry Processing}},
	Old_key = {{chuang2009estimating}},
	author = {Chuang, Ming and Luo, Linjie and Brown, Benedict J. and Rusinkiewicz, Szymon and Kazhdan, Michael},
	title = {{Estimating the Laplace-Beltrami operator by restricting 3D functions}},
	pages = {1475-1484},
	year = {2009},
}

@Article{ClausWSO:2013,
	Acmid = {{2451243}},
	Address = {{New York, NY, USA}},
	Articleno = {{17}},
	Doi = {{10.1145/2451236.2451243}},
	Issn = {{0730-0301}},
	Issue_date = {{April 2013}},
	Keywords = {{Simulation, dynamic mesh generation, finite element method, fluid dynamics, local remeshing, melting, physically based computer animation, solid-fluid interface, surface tension, thermoelasticity}},
	__markedentry = {{[nathan:]}},
	Month = {{apr}},
	Numpages = {{15}},
	Old_key = {{Clausen:2013:SolidLiquidLagrangian}},
	Owner = {{nathan}},
	Publisher = {{ACM}},
	Timestamp = {{2016.10.31}},
	Url = {{http://doi.acm.org/10.1145/2451236.2451243}},
	author = {Clausen, Pascal and Wicke, Martin and Shewchuk, Jonathan R. and O’brien, James},
	title = {{Simulating Liquids and Solid-liquid Interactions with Lagrangian Meshes}},
	journal = {{ACM Trans. Graph.}},
	volume = {32},
	number = {2},
	pages = {17-1},
	year = {2013},
}

@InProceedings{CohenTG:2010,
	BookTitle = {{ACM SIGGRAPH Symp. on Interactive 3D Graphics and Games}},
	__markedentry = {{[nathan:]}},
	Old_key = {{Cohen:2010:translating}},
	Owner = {{nathan}},
	Timestamp = {{2016.10.31}},
	author = {Cohen, Jonathan and Tariq, Sarah and Green, Simon},
	title = {{Interactive fluid-particle simulation using translating Eulerian grids}},
	pages = {15-22},
	year = {2010},
}

@InProceedings{CourtA:2009,
	Doi = {{10.1109/HPCC.2009.51}},
	__markedentry = {{[nathan:6]}},
	Month = {{jun}},
	Old_key = {{Courtecuisse:2009:parallelGS}},
	Owner = {{nathan}},
	Publisher = {{IEEE CS Press}},
	Series = {{HPCC ’09}},
	Timestamp = {{2016.10.31}},
	author = {Courtecuisse, Hadrien and Allard, Jérémie},
	title = {{Parallel Dense Gauss-Seidel Algorithm on Many-Core Processors}},
	pages = {139-147},
	year = {2009},
}

@InProceedings{CrassNLE:2009,
	Acmid = {{1507152}},
	Doi = {{10.1145/1507149.1507152}},
	Isbn = {{978-1-60558-429-4}},
	Location = {{Boston, Massachusetts}},
	__markedentry = {{[nathan:]}},
	Numpages = {{8}},
	Old_key = {{Crassin:2009:GRS:GigaVoxels}},
	Owner = {{nathan}},
	Series = {{I3D ’09}},
	Timestamp = {{2016.10.31}},
	Url = {{http://doi.acm.org/10.1145/1507149.1507152}},
	author = {Crassin, Cyril and Neyret, Fabrice and Lefebvre, Sylvain and Eisemann, Elmar},
	title = {{GigaVoxels: Ray-guided Streaming for Efficient and Detailed Voxel Rendering}},
	pages = {15-22},
	year = {2009},
}

@Article{DaBG:2014,
	__markedentry = {{[nathan:]}},
	Old_key = {{Da:2014:MMS}},
	Owner = {{nathan}},
	Timestamp = {{2016.10.31}},
	author = {Da, Fang and Batty, Christopher and Grinspun, Eitan},
	title = {{Multimaterial Mesh-based Surface Tracking}},
	journal = {{ACM TOG}},
	volume = {33},
	number = {4},
	pages = {112-1},
	year = {2014},
}

@Article{DaBWG:2015,
	__markedentry = {{[nathan:]}},
	Old_key = {{Da:2015:DBS}},
	Owner = {{nathan}},
	Timestamp = {{2016.10.31}},
	author = {Da, Fang and Batty, Christopher and Wojtan, Chris and Grinspun, Eitan},
	title = {{Double Bubbles Sans Toil and Trouble: Discrete Circulation-preserving Vortex Sheets for Soap Films and Foams}},
	journal = {{ACM Trans. Graph.}},
	volume = {34},
	number = {4},
	pages = {149-1},
	year = {2015},
}

@Article{DauxMDSB:2000,
	Old_key = {{daux2000arbitrary}},
	author = {Daux, C. and Moes, N. and Dolbow, J. and Sukumar, N. and Belytschko, T.},
	title = {{Arbitrary branched and intersecting cracks with the extended finite element method}},
	journal = {{International Journal for Numerical Methods in Engineering}},
	volume = {48},
	number = {12},
	year = {2000},
}

@Article{DeB:2000,
	__markedentry = {{[nathan:6]}},
	Old_key = {{de:2000:finitespheres}},
	Owner = {{nathan}},
	Timestamp = {{2016.10.31}},
	author = {De, S. and Bathe, K. J.},
	title = {{The method of finite spheres}},
	journal = {{Computational Mechanics}},
	volume = {25},
	pages = {329-345},
	year = {2000},
}

@Article{DeKLS:2005,
	Doi = {{10.1016/j.compstruc.2004.12.003}},
	Issn = {{0045-7949}},
	Keywords = {{Meshfree method}},
	__markedentry = {{[nathan:6]}},
	Old_key = {{de:2005:surgeryspheres}},
	Owner = {{nathan}},
	Timestamp = {{2016.10.31}},
	author = {De, Suvranu and Kim, Jung and Lim, Yi-Je and Srinivasan, Mandayam A.},
	title = {{The point collocation-based method of finite spheres (PCMFS) for real time surgery simulation }},
	journal = {{Computers & Structures}},
	volume = {83},
	number = {17 - 18},
	pages = {1515-1525},
	year = {2005},
}

@InProceedings{DebunDCB:2001,
	BookTitle = {{Proc. SIGGRAPH 2001}},
	Old_key = {{debunne:2001:dynamicrealtime}},
	Owner = {{nathan}},
	Timestamp = {{2016.10.31}},
	author = {Debunne, G. and Desbrun, M. and Cani, M. and Barr, A.},
	title = {{Dynamic Real-Time Deformations using Space and Time Adaptive Sampling}},
	volume = {20},
	pages = {31-36},
	year = {2001},
}

@InProceedings{DebunDCB:2000,
	Author:corp = {{IEEE}},
	__markedentry = {{[nathan:6]}},
	Old_key = {{debunne:2000:adaptive}},
	Owner = {{nathan}},
	Series = {{CA ’00}},
	Timestamp = {{2016.10.31}},
	author = {Debunne, Gilles and Desbrun, Mathieu and Cani, M. P. and Barr, Alan},
	title = {{Adaptive simulation of soft bodies in real-time}},
	pages = {15-20},
	year = {2000},
}

@InProceedings{DesbrC:1996,
	BookTitle = {{Comput. Anim. and Sim. ’96}},
	__markedentry = {{[nathan:]}},
	Month = {{Aug}},
	Old_key = {{Desbrun:1996:SPA}},
	Owner = {{nathan}},
	Publisher = {{Springer-Verlag}},
	Timestamp = {{2016.10.31}},
	author = {Desbrun, M. and Cani, M. P.},
	title = {{Smoothed Particles: A new paradigm for animating highly deformable bodies}},
	pages = {61-76},
	year = {1996},
}

@InProceedings{DickGBW:2008,
	BookTitle = {{Proceedings of Visual Computing for Biomedicine 2008}},
	Old_key = {{dick:2008:fem}},
	Owner = {{nathan}},
	Timestamp = {{2016.10.31}},
	author = {Dick, Christian and Georgii, Joachim and Burgkart, Rainer and Westermann, Rüdiger},
	title = {{Computational Steering for Patient-Specific Implant Planning in Orthopedics}},
	pages = {83-92},
	year = {2008},
}

@Article{DickGW:2011b,
	__markedentry = {{[nathan:]}},
	Old_key = {{Dick:2011:MFHE}},
	Owner = {{nathan}},
	Timestamp = {{2016.10.31}},
	author = {Dick, Christian and Georgii, Joachim and Westermann, Rüdiger},
	title = {{A real-time multigrid finite hexahedra method for elasticity simulation using CUDA }},
	journal = {{Simulation Modelling Practice and Theory }},
	volume = {19},
	number = {2},
	pages = {801-816},
	year = {2011},
}

@Article{DickGW:2011,
	Doi = {{10.1109/TVCG.2010.268}},
	__markedentry = {{[nathan:6]}},
	Old_key = {{Dick:2011:Cutting}},
	Owner = {{nathan}},
	Timestamp = {{2016.10.31}},
	author = {Dick, Christian and Georgii, Joachim and Westermann, Rüdiger},
	title = {{A Hexahedral Multigrid Approach for Simulating Cuts in Deformable Objects}},
	journal = {{IEEE Transactions on Visualization and Computer Graphics}},
	volume = {17},
	number = {11},
	pages = {1663-1675},
	year = {2011},
}

@Article{DickRW:2016,
	__markedentry = {{[nathan:]}},
	Month = {{to appear}},
	Old_key = {{Dick:2016:Multigrid}},
	Owner = {{nathan}},
	Timestamp = {{2016.10.31}},
	author = {Dick, Christian and Rogowsky, Marcus and Westermann, Rüdiger},
	title = {{Solving the Fluid Pressure Poisson Equation Using Multigrid – Evaluation and Improvements}},
	journal = {{IEEE Trans. Visualization & Computer Graphics}},
	year = {2016},
}

@Article{DobasMYN:2008,
	Doi = {{10.1111/j.1467-8659.2008.01145.x}},
	Issn = {{1467-8659}},
	Keywords = {{I.3.7 [Computer Graphics], Three-Dimensional Graphics and Realism - Animation; I.3.7 [Computer Graphics], Three-Dimensional Graphics and Realism; I.6.8 [Simulation and Modeling], Types of Simulation - Animation; I.6.3 [Simulation and Modeling], Applications}},
	__markedentry = {{[nathan:]}},
	Old_key = {{Dobashi:2008:SmokeRigidObjects}},
	Owner = {{nathan}},
	Publisher = {{Blackwell Publishing Ltd}},
	Timestamp = {{2016.10.31}},
	Url = {{http://dx.doi.org/10.1111/j.1467-8659.2008.01145.x}},
	author = {Dobashi, Yoshinori and Matsuda, Yasuhiro and Yamamoto, Tsuyoshi and Nishita, Tomoyuki},
	title = {{A Fast Simulation Method Using Overlapping Grids for Interactions between Smoke and Rigid Objects}},
	journal = {{Computer Graphics Forum}},
	volume = {27},
	number = {2},
	pages = {477-486},
	year = {2008},
}

@Article{EdwarB:2015,
	__markedentry = {{[nathan:]}},
	Old_key = {{EdwardsB15}},
	Owner = {{nathan}},
	Timestamp = {{2016.10.31}},
	Url = {{http://arxiv.org/abs/1504.00907}},
	author = {Edwards, Essex and Bridson, Robert},
	title = {{The Discretely-Discontinuous Galerkin Coarse Grid for Domain Decomposition}},
	journal = {{CoRR}},
	volume = {abs/1504.00907},
	year = {2015},
}

@Article{ElcotTKSD:2007,
	Address = {{New York, NY, USA}},
	Doi = {{http://doi.acm.org/10.1145/1189762.1189766}},
	Issn = {{0730-0301}},
	Old_key = {{ETKSD07}},
	Owner = {{nathan}},
	Publisher = {{ACM}},
	Timestamp = {{2016.10.31}},
	author = {Elcott, S. and Tong, Y. and Kanso, E. and Schröder, P. and Desbrun, M.},
	title = {{Stable, circulation-preserving, simplicial fluids}},
	journal = {{ACM Trans. Graph.}},
	volume = {26},
	number = {1},
	pages = {4},
	year = {2007},
}

@InProceedings{EngliB:2008,
	BookTitle = {{ACM Transactions on Graphics (SIGGRAPH Proceedings)}},
	Old_key = {{english2008animating}},
	author = {English, E. and Bridson, R.},
	title = {{Animating developable surfaces using nonconforming elements}},
	volume = {27},
	number = {3},
	pages = {66},
	year = {2008},
}

@Article{EngliB:2007,
	Old_key = {{english:2008:developable}},
	Owner = {{nathan}},
	Timestamp = {{2016.10.31}},
	author = {English, E. and Bridson, R.},
	title = {{Animating developable surfaces using nonconforming elements}},
	journal = {{ACM Trans. Graph. (SIGGRAPH Proc.)}},
	volume = {26},
	number = {3},
	year = {2007},
}

@Article{EngliQYF:2013b,
	__markedentry = {{[nathan:]}},
	Old_key = {{english:2012:chimera}},
	Owner = {{nathan}},
	Timestamp = {{2016.10.31}},
	author = {English, R. E. and Qiu, L. and Yu, Y. and Fedkiw, R.},
	title = {{An adaptive discretization of incompressible flow using a multitude of moving Cartesian grids }},
	journal = {{J. Comput. Phys.}},
	volume = {254},
	number = {0},
	pages = {107-154},
	year = {2013},
}

@InProceedings{EngliQYF:2013,
	Isbn = {{978-1-4503-2132-7}},
	__markedentry = {{[nathan:]}},
	Old_key = {{English:2013:CGW}},
	Owner = {{nathan}},
	Series = {{SCA ’13}},
	Timestamp = {{2016.10.31}},
	author = {English, R.  Elliot and Qiu, Linhai and Yu, Yue and Fedkiw, Ronald},
	title = {{Chimera Grids for Water Simulation}},
	pages = {85-94},
	year = {2013},
}

@Article{EnrigLF:2005,
	Old_key = {{Enright:2005:FAS}},
	Owner = {{nathan}},
	Timestamp = {{2016.08.09}},
	author = {Enright, Douglas and Losasso, Frank and Fedkiw, Ronald},
	title = {{A Fast and Accurate semi-Lagrangian Particle Level Set Method}},
	journal = {{Comput. Struct.}},
	volume = {83},
	number = {6-7},
	pages = {479-490},
	year = {2005},
}

@Article{EnrigMF:2002,
	__markedentry = {{[nathan:]}},
	Old_key = {{Enright:2002:ARC}},
	Owner = {{nathan}},
	Timestamp = {{2016.10.31}},
	author = {Enright, Douglas and Marschner, Stephen and Fedkiw, Ronald},
	title = {{Animation and Rendering of Complex Water Surfaces}},
	journal = {{ACM Trans. Graph.}},
	volume = {21},
	number = {3},
	pages = {736-744},
	year = {2002},
}

@InProceedings{EnrigNGF:2003,
	BookTitle = {{Proc. 4th ASME-JSME Joint Fluids Eng. Conf.}},
	Old_key = {{Enright:2003:UTP}},
	Owner = {{nathan}},
	Timestamp = {{2016.08.09}},
	author = {Enright, D. and Nguyen, D. and Gibou, F. and Fedkiw, R.},
	title = {{Using the Particle Level Set Method and a Second Order Accurate Pressure Boundary Condition for Free Surface Flows}},
	year = {2003},
}

@Article{FanLP:2014,
	Acmid = {{2601215}},
	Address = {{New York, NY, USA}},
	Articleno = {{152}},
	Doi = {{10.1145/2601097.2601215}},
	Issn = {{0730-0301}},
	Issue_date = {{July 2014}},
	Keywords = {{Eulerian simulation, activation, deformation, muscle, musculoskeleton, soft tissues}},
	__markedentry = {{[nathan:6]}},
	Month = {{jul}},
	Numpages = {{9}},
	Old_key = {{Fan:2014:ActiveMusculoskeletal}},
	Owner = {{nathan}},
	Publisher = {{ACM}},
	Timestamp = {{2016.10.31}},
	author = {Fan, Ye and Litven, Joshua and Pai, Dinesh K.},
	title = {{Active Volumetric Musculoskeletal Systems}},
	journal = {{ACM Trans. Graph.}},
	volume = {33},
	number = {4},
	pages = {152-1},
	year = {2014},
}

@InProceedings{FaureBAF:2008,
	__markedentry = {{[nathan:]}},
	Old_key = {{Faure:2008:ICD}},
	Owner = {{nathan}},
	Series = {{SCA ’08}},
	Timestamp = {{2016.10.31}},
	author = {Faure, François and Barbier, Sébastien and Allard, Jérémie and Falipou, Florent},
	title = {{Image-based Collision Detection and Response Between Arbitrary Volume Objects}},
	pages = {155-162},
	year = {2008},
}

@Article{FedkiAMO:1999,
	Old_key = {{fedkiw1999non}},
	Publisher = {{Elsevier}},
	author = {Fedkiw, R. P. and Aslam, T. and Merriman, B. and Osher, S.},
	title = {{A non-oscillatory Eulerian approach to interfaces in multimaterial flows (the ghost fluid method)}},
	journal = {{Journal of Computational Physics}},
	volume = {152},
	number = {2},
	pages = {457-492},
	year = {1999},
}

@Article{FedkiLO:2002,
	Old_key = {{Fedkiw:2002:eliminateoscillations}},
	Owner = {{nathan}},
	Timestamp = {{2016.08.09}},
	author = {Fedkiw, R. and Liu, X. D. and Osher, S.},
	title = {{A General Technique for Eliminating Spurious Oscillations in Conservative Schemes for Multiphase and Multispecies Euler Equations}},
	journal = {{Int. J. Nonlinear Sci. and Numer. Sim.}},
	volume = {3},
	pages = {99-106},
	year = {2002},
}

@InProceedings{FedkiSJ:2001,
	Address = {{New York, NY, USA}},
	BookTitle = {{SIGGRAPH ’01: Proceedings of the 28th annual conference on Computer graphics and interactive techniques}},
	Doi = {{http://doi.acm.org/10.1145/383259.383260}},
	Isbn = {{1-58113-374-X}},
	Old_key = {{FSJ01}},
	Owner = {{nathan}},
	Publisher = {{ACM}},
	Timestamp = {{2016.10.31}},
	author = {Fedkiw, R. and Stam, J. and Jensen, H.},
	title = {{Visual simulation of smoke}},
	pages = {15-22},
	year = {2001},
}

@Article{FeldmOK:2005,
	Address = {{New York, NY, USA}},
	Doi = {{http://doi.acm.org/10.1145/1073204.1073281}},
	Issn = {{0730-0301}},
	Old_key = {{FOK05}},
	Owner = {{nathan}},
	Publisher = {{ACM}},
	Timestamp = {{2016.10.31}},
	author = {Feldman, B. and O’Brien, J. and Klingner, B.},
	title = {{Animating gases with hybrid meshes}},
	journal = {{ACM Trans. Graph.}},
	volume = {24},
	number = {3},
	pages = {904-909},
	year = {2005},
}

@InProceedings{FeldmOKG:2005,
	Acmid = {{1073405}},
	Doi = {{10.1145/1073368.1073405}},
	Isbn = {{1-59593-198-8}},
	Keywords = {{computational fluiddynamics, moving meshes, natural phenomena, physically based animation}},
	Location = {{Los Angeles, California}},
	__markedentry = {{[nathan:]}},
	Numpages = {{5}},
	Old_key = {{Feldman:2005:FluidDeformingMeshes}},
	Owner = {{nathan}},
	Series = {{SCA ’05}},
	Timestamp = {{2016.10.31}},
	Url = {{http://doi.acm.org/10.1145/1073368.1073405}},
	author = {Feldman, Bryan and O’Brien, James and Klingner, Bryan and Goktekin, Tolga},
	title = {{Fluids in Deforming Meshes}},
	pages = {255-259},
	year = {2005},
}

@Article{FerstWD:2014,
	Address = {{Los Alamitos, CA, USA}},
	Doi = {{10.1109/TVCG.2014.2307873}},
	__markedentry = {{[nathan:]}},
	Month = {{Oct}},
	Old_key = {{Westermann:2014:LiquidAdaptiveHexahedral}},
	Owner = {{nathan}},
	Publisher = {{IEEE Computer Society}},
	Timestamp = {{2016.10.31}},
	author = {Ferstl, Florian and Westermann, Rüdiger and Dick, Christian},
	title = {{Large-Scale Liquid Simulation on Adaptive Hexahedral Grids}},
	journal = {{IEEE Trans. Visualization & Computer Graphics}},
	volume = {20},
	number = {10},
	pages = {1405-1417},
	year = {2014},
}

@Misc{Field:2009,
	Old_key = {{2009:Field3D}},
	Owner = {{nathan}},
	Timestamp = {{2016.08.09}},
	Url = {{https://sites.google.com/site/field3d}},
	author = {Field3d,},
	title = {{Field3D}},
	year = {2009},
}

@Misc{Field:2009b,
	__markedentry = {{[nathan:]}},
	Old_key = {{2009:Field3D}},
	Owner = {{nathan}},
	Timestamp = {{2016.10.31}},
	Url = {{https://sites.google.com/site/field3d}},
	author = {Field3d,},
	title = {{Field3D}},
	year = {2009},
}

@Article{Float:2003,
	Acmid = {{775496}},
	Doi = {{10.1016/S0167-8396(02)00002-5}},
	Issn = {{0167-8396}},
	Issue_date = {{March 2003}},
	Keywords = {{barycentric coordinates, harmonic function, mean value theorem, morphing, parameterization}},
	__markedentry = {{[nathan:6]}},
	Month = {{mar}},
	Numpages = {{9}},
	Old_key = {{Floater:2003:MVC:775492.775496}},
	Owner = {{nathan}},
	Publisher = {{Elsevier Science Publishers B. V.}},
	Timestamp = {{2016.10.31}},
	author = {Floater, Michael S.},
	title = {{Mean Value Coordinates}},
	journal = {{Comput. Aided Geom. Des.}},
	volume = {20},
	number = {1},
	pages = {19-27},
	year = {2003},
}

@InCollection{Fortu:1997,
	Chapter = {{Voronoi Diagrams and Delaunay Triangulations}},
	Editor = {Goodman, Jacob E. and O’Rourke, Joseph},
	__markedentry = {{[nathan:]}},
	Old_key = {{Fortune:1997:VDD}},
	Owner = {{nathan}},
	Publisher = {{CRC Press, Inc.}},
	Timestamp = {{2016.10.31}},
	author = {Fortune, Steven},
	title = {{Handbook of Discrete and Computational Geometry}},
	pages = {377-388},
	year = {1997},
}

@InProceedings{FosteF:2001,
	BookTitle = {{Proc. of ACM SIGGRAPH 2001}},
	__markedentry = {{[nathan:]}},
	Old_key = {{Foster:2001:PAO}},
	Owner = {{nathan}},
	Timestamp = {{2016.10.31}},
	author = {Foster, N. and Fedkiw, R.},
	title = {{Practical Animation of Liquids}},
	pages = {23-30},
	year = {2001},
}

@Article{FosteM:1996,
	Old_key = {{Foster:1996:RAL}},
	Owner = {{nathan}},
	Timestamp = {{2016.08.09}},
	author = {Foster, Nick and Metaxas, Dimitri},
	title = {{Realistic Animation of Liquids}},
	journal = {{Graph. Models Image Process.}},
	volume = {58},
	number = {5},
	pages = {471-483},
	year = {1996},
}

@InProceedings{FreunN:1994,
	Author:corp = {{IMACS: New Brunswick, NJ}},
	BookTitle = {{Proceedings of the 14th IMACS World Congress on Computational and Applied Mathematics}},
	Old_key = {{freund1994new}},
	author = {Freund, R. W. and Nachtigal, N. M.},
	title = {{A new Krylov-subspace method for symmetric indefinite linear systems}},
	pages = {1253-1256},
	year = {1994},
}

@InProceedings{FriskPRJ:2000,
	Acmid = {{344899}},
	Doi = {{10.1145/344779.344899}},
	Isbn = {{1-58113-208-5}},
	Keywords = {{carving, distance fields, graphics, implicit surfaces, level of detail, rendering, volume modeling, volume rendering}},
	__markedentry = {{[nathan:]}},
	Numpages = {{6}},
	Old_key = {{Frisken:2000:AdaptiveSDF}},
	Owner = {{nathan}},
	Series = {{SIGGRAPH ’00}},
	Timestamp = {{2016.10.31}},
	Url = {{http://dx.doi.org/10.1145/344779.344899}},
	author = {Frisken, Sarah and Perry, Ronald and Rockwood, Alyn and Jones, Thouis},
	title = {{Adaptively Sampled Distance Fields: A General Representation of Shape for Computer Graphics}},
	pages = {249-254},
	year = {2000},
}

@InProceedings{FroemGP:2007,
	BookTitle = {{ACM SIGGRAPH 2007 Sketches}},
	Old_key = {{Froemling:2007:SWR}},
	Owner = {{nathan}},
	Series = {{SIGGRAPH ’07}},
	Timestamp = {{2016.08.09}},
	author = {Froemling, Eric and Goktekin, Tolga and Peachey, Darwyn},
	title = {{Simulating Whitewater Rapids in Ratatouille}},
	year = {2007},
}

@Article{GoeddSMMWBT:2008,
	Note = {{doi: 10.1504/IJCSE.2008.021111}},
	Old_key = {{GSMMWBT08}},
	Owner = {{nathan}},
	Timestamp = {{2016.10.31}},
	author = {Göddeke, D. and Strzodka, R. and Mohd-Yusof, J. and McCormick, P. and Wobker, H. and Becker, C. and Turek, S.},
	title = {{Using GPUs to improve multigrid solver performance on a cluster}},
	journal = {{International Journal of Computational Science and Engineering}},
	volume = {4},
	number = {1},
	pages = {36-55},
	year = {2008},
}

@Article{GallaRCHFMSS:2005,
	Abstract = {{Summary Background Data: To inform surgeons about the practical issues to be considered for successful integration of virtual reality simulation into a surgical training program. The learning and practice of minimally invasive surgery (MIS) makes unique demands on surgical training programs. A decade ago Satava proposed virtual reality (VR) surgical simulation as a solution for this problem. Only recently have robust scientific studies supported that vision Methods: A review of the surgical education, human-factor, and psychology literature to identify important factors which will impinge on the successful integration of VR training into a surgical training program. Results: VR is more likely to be successful if it is systematically integrated into a well-thought-out education and training program which objectively assesses technical skills improvement proximate to the learning experience. Validated performance metrics should be relevant to the surgical task being trained but in general will require trainees to reach an objectively determined proficiency criterion, based on tightly defined metrics and perform at this level consistently. VR training is more likely to be successful if the training schedule takes place on an interval basis rather than massed into a short period of extensive practice. High-fidelity VR simulations will confer the greatest skills transfer to the in vivo surgical situation, but less expensive VR trainers will also lead to considerably improved skills generalizations. Conclusions: VR for improved performance of MIS is now a reality. However, VR is only a training tool that must be thoughtfully introduced into a surgical training curriculum for it to successfully improve surgical technical skills.}},
	Issn = {{0003-4932}},
	__markedentry = {{[nathan:6]}},
	Old_key = {{gallagher:2005:operatingroomsims}},
	Owner = {{nathan}},
	Timestamp = {{2016.10.31}},
	Url = {{http://journals.lww.com/annalsofsurgery/Fulltext/2005/02000/Virtual_Reality_Simulation_for_the_Operating_Room_.24.aspx}},
	author = {Gallagher, Anthony G. and Ritter, E. Matt and Champion, Howard and Higgins, Gerald and Fried, Marvin P. and Moses, Gerald and Smith, C. Daniel and Satava, Richard M.},
	title = {{Virtual Reality Simulation for the Operating Room: Proficiency-Based Training as a Paradigm Shift in Surgical Skills Training}},
	journal = {{Annals of Surgery}},
	volume = {241},
	number = {2},
	year = {2005},
}

@InProceedings{GaoMS:2014,
	BookTitle = {{Eurographics/ ACM SIGGRAPH Symposium on Computer Animation}},
	Doi = {{10.2312/sca.20141132}},
	Editor = {Koltun, Vladlen and Sifakis, Eftychios},
	Isbn = {{978-3-905674-61-3}},
	Issn = {{1727-5288}},
	__markedentry = {{[nathan:6]}},
	Old_key = {{sca.20141132}},
	Owner = {{nathan}},
	Publisher = {{The Eurographics Association}},
	Timestamp = {{2016.10.31}},
	author = {Gao, Ming and Mitchell, Nathan and Sifakis, Eftychios},
	title = {{Steklov-Poincarè Skinning}},
	year = {2014},
}

@InProceedings{GaoMS:2014b,
	__markedentry = {{[nathan:]}},
	Old_key = {{Gao:2015:SS}},
	Owner = {{nathan}},
	Series = {{SCA ’14}},
	Timestamp = {{2016.10.31}},
	author = {Gao, Ming and Mitchell, Nathan and Sifakis, Eftychios},
	title = {{Steklov-Poincaré Skinning}},
	pages = {139-148},
	year = {2014},
}

@InProceedings{Gascu:1993,
	BookTitle = {{SIGGRAPH ’93}},
	Old_key = {{gascuel:1993:implicit}},
	Owner = {{nathan}},
	Timestamp = {{2016.08.09}},
	author = {Gascuel, M. P.},
	title = {{An implicit formulation for precise contact modeling between flexible solids}},
	pages = {313-320},
	year = {1993},
}

@Article{GaspaGLO:2008,
	Old_key = {{gaspar:2008:distributive}},
	Owner = {{nathan}},
	Timestamp = {{2016.10.31}},
	author = {Gaspar, F. and Gracia, J. and Lisbona, F. and Oosterlee, C.},
	title = {{Distributive smoothers in multigrid for problems with dominating grad-div operators}},
	journal = {{Numerical Linear Algebra with Applications}},
	volume = {15},
	number = {8},
	pages = {661-683},
	year = {2008},
}

@InProceedings{GeigeLRLF:2006,
	BookTitle = {{ACM SIGGRAPH 2006 Sketches}},
	__markedentry = {{[nathan:]}},
	Old_key = {{Geiger:2006:SRI}},
	Owner = {{nathan}},
	Series = {{SIGGRAPH ’06}},
	Timestamp = {{2016.10.31}},
	author = {Geiger, Willi and Leo, Mohen and Rasmussen, Nick and Losasso, Frank and Fedkiw, Ron},
	title = {{So Real It’Ll Make You Wet}},
	year = {2006},
}

@InProceedings{GeorgW:2008,
	Doi = {{10.2312/PE/vriphys/vriphys08/011-019}},
	Editor = {Faure, Francois and Teschner, Matthias},
	Isbn = {{978-3-905673-70-8}},
	__markedentry = {{[nathan:6]}},
	Old_key = {{georgii:2008:fem}},
	Owner = {{nathan}},
	Publisher = {{The Eurographics Association}},
	Series = {{VRIPHYS ’08}},
	Timestamp = {{2016.10.31}},
	author = {Georgii, Joachim and Westermann, Rüdiger},
	title = {{Corotated Finite Elements Made Fast and Stable}},
	year = {2008},
}

@InProceedings{GeorgW:2008b,
	BookTitle = {{Proceedings of the 5th Workshop On Virtual Reality Interaction and Physical Simulation}},
	Old_key = {{georgii:2008:fem}},
	Owner = {{nathan}},
	Timestamp = {{2016.10.31}},
	author = {Georgii, Joachim and Westermann, Rüdiger},
	title = {{Corotated Finite Elements Made Fast and Stable}},
	year = {2008},
}

@Article{GeorgW:2006,
	Old_key = {{georgii:2006:multigrid}},
	Owner = {{nathan}},
	Timestamp = {{2016.10.31}},
	author = {Georgii, Joachim and Westermann, Rüdiger},
	title = {{A multigrid framework for real-time simulation of deformable bodies}},
	journal = {{Computers & Graphics}},
	volume = {30},
	number = {3},
	pages = {408-415},
	year = {2006},
}

@PhdThesis{Gerri:1996,
	Old_key = {{gerritsma:1996:staggered}},
	Owner = {{nathan}},
	School = {{Ruhjsybuversuteut Gribubgeb}},
	Timestamp = {{2016.10.31}},
	author = {Gerritsma, M.},
	title = {{Time dependent numerical simulations of a viscoelastic fluid on a staggered grid}},
	year = {1996},
}

@Misc{Electron:2016,
	Owner = {{nathan}},
	Timestamp = {{2016.08.09}},
	Url = {{http://electron.atom.io/}},
	author = {GitHub, Inc},
	title = {{Electron}},
	year = {2013–2016},
}

@Article{GoesWHPD:2015,
	__markedentry = {{[nathan:]}},
	Old_key = {{deGoes:2015:PPI}},
	Owner = {{nathan}},
	Timestamp = {{2016.10.31}},
	author = {de Goes, Fernando and Wallez, Corentin and Huang, Jin and Pavlov, Dmitry and Desbrun, Mathieu},
	title = {{Power Particles: An Incompressible Fluid Solver Based on Power Diagrams}},
	journal = {{ACM Trans. Graph.}},
	volume = {34},
	number = {4},
	pages = {50-1},
	year = {2015},
}

@Article{GokteBO:2004,
	Acmid = {{1015746}},
	Doi = {{10.1145/1015706.1015746}},
	Issn = {{0730-0301}},
	Issue_date = {{August 2004}},
	Keywords = {{Natural phenomena, computational fluid dynamics, elastoplastic, glop, goop, physically based animation, viscoelastic fluids, viscous fluids}},
	__markedentry = {{[nathan:6]}},
	Month = {{aug}},
	Numpages = {{6}},
	Old_key = {{Goktekin:2004:animatingviscoelastic}},
	Owner = {{nathan}},
	Publisher = {{ACM}},
	Timestamp = {{2016.10.31}},
	author = {Goktekin, Tolga G. and Bargteil, Adam W. and O’Brien, James F.},
	title = {{A Method for Animating Viscoelastic Fluids}},
	journal = {{ACM Trans. Graph.}},
	volume = {23},
	number = {3},
	pages = {463-468},
	year = {2004},
}

@Article{GolasNSKDL:2012,
	Acmid = {{2366167}},
	Address = {{New York, NY, USA}},
	Articleno = {{148}},
	Doi = {{10.1145/2366145.2366167}},
	Issn = {{0730-0301}},
	Issue_date = {{November 2012}},
	Keywords = {{Navier-Stokes equations, computational fluid dynamics, stable fluids, vortex methods}},
	__markedentry = {{[nathan:]}},
	Numpages = {{9}},
	Old_key = {{Golas:2012:VelocityVorticityDD}},
	Owner = {{nathan}},
	Publisher = {{ACM}},
	Timestamp = {{2016.10.31}},
	Url = {{http://doi.acm.org/10.1145/2366145.2366167}},
	author = {Golas, Abhinav and Narain, Rahul and Sewall, Jason and Krajcevski, Pavel and Dubey, Pradeep and Lin, Ming},
	title = {{Large-scale Fluid Simulation Using Velocity-vorticity Domain Decomposition}},
	journal = {{ACM Trans. Graph.}},
	volume = {31},
	number = {6},
	pages = {148-1},
	year = {2012},
}

@Article{GoldeHFBG:2007,
	Acmid = {{1276438}},
	Articleno = {{49}},
	Doi = {{10.1145/1276377.1276438}},
	Issn = {{0730-0301}},
	Issue_date = {{July 2007}},
	Keywords = {{cloth simulation, constrained lagrangian mechanics, constraints, inextensibility, isometry, physically-based modeling, stretching}},
	__markedentry = {{[nathan:6]}},
	Month = {{jul}},
	Old_key = {{goldenthal:2007:inextensible}},
	Owner = {{nathan}},
	Publisher = {{ACM}},
	Timestamp = {{2016.10.31}},
	author = {Goldenthal, Rony and Harmon, David and Fattal, Raanan and Bercovier, Michel and Grinspun, Eitan},
	title = {{Efficient Simulation of Inextensible Cloth}},
	journal = {{ACM Trans. Graph.}},
	volume = {26},
	number = {3},
	year = {2007},
}

@InProceedings{GoldeHFBG:2007b,
	BookTitle = {{ACM Transactions on Graphics (TOG)}},
	Old_key = {{goldenthal2007efficient}},
	author = {Goldenthal, R. and Harmon, D. and Fattal, R. and Bercovier, M. and Grinspun, E.},
	title = {{Efficient simulation of inextensible cloth}},
	volume = {26},
	number = {3},
	pages = {49},
	year = {2007},
}

@Book{GolubL:1989,
	Addryss = {{Baltimore}},
	Old_key = {{GolubVanLoan:1989:MC}},
	Owner = {{nathan}},
	Publisher = {{The John Hopkins University Press}},
	Timestamp = {{2016.10.31}},
	author = {Golub, G. and Loan, C. van},
	title = {{Matrix Computations}},
	year = {1989},
}

@InProceedings{GoodnWLLH:2003,
	Address = {{Aire-la-Ville, Switzerland, Switzerland}},
	BookTitle = {{HWWS ’03: Proceedings of the ACM SIGGRAPH/EUROGRAPHICS conference on Graphics hardware}},
	Isbn = {{1-58113-739-7}},
	Location = {{San Diego, California}},
	Old_key = {{GWLLH03}},
	Owner = {{nathan}},
	Publisher = {{Eurographics Association}},
	Timestamp = {{2016.10.31}},
	author = {Goodnight, N. and Woolley, C. and Lewin, G. and Luebke, D. and Humphreys, G.},
	title = {{A multigrid solver for boundary value problems using programmable graphics hardware}},
	pages = {102-111},
	year = {2003},
}

@InProceedings{GoswaSSP:2010,
	Acmid = {{1921437}},
	Location = {{Madrid, Spain}},
	Numpages = {{10}},
	Old_key = {{Goswami:2010:ISS}},
	Owner = {{nathan}},
	Series = {{SCA ’10}},
	Timestamp = {{2016.08.09}},
	Url = {{http://dl.acm.org/citation.cfm?id=1921427.1921437}},
	author = {Goswami, Prashant and Schlegel, Philipp and Solenthaler, Barbara and Pajarola, Renato},
	title = {{Interactive SPH Simulation and Rendering on the GPU}},
	pages = {55-64},
	year = {2010},
}

@Article{GourrTT:1989,
	Acmid = {{74335}},
	Doi = {{10.1145/74334.74335}},
	Issn = {{0097-8930}},
	Issue_date = {{July 1989}},
	__markedentry = {{[nathan:6]}},
	Month = {{jul}},
	Numpages = {{10}},
	Old_key = {{Gourret:1989:SOH:74334.74335}},
	Owner = {{nathan}},
	Publisher = {{ACM}},
	Timestamp = {{2016.10.31}},
	author = {Gourret, J. P. and Thalmann, N. M. and Thalmann, D.},
	title = {{Simulation of Object and Human Skin Formations in a Grasping Task}},
	journal = {{SIGGRAPH Comput. Graph.}},
	volume = {23},
	number = {3},
	pages = {21-30},
	year = {1989},
}

@InProceedings{GreenTS:2002,
	Author:corp = {{ACM New York, NY, USA}},
	BookTitle = {{Proceedings of the seventh ACM symposium on Solid modeling and applications}},
	Old_key = {{green:2002:subdivision}},
	Owner = {{nathan}},
	Timestamp = {{2016.10.31}},
	author = {Green, S. and Turkiyyah, G. and Storti, D.},
	title = {{Subdivision-based multilevel methods for large scale engineering simulation of thin shells}},
	pages = {265-272},
	year = {2002},
}

@Article{GriebOS:2003,
	Old_key = {{griebel:2003:amg}},
	Owner = {{nathan}},
	Timestamp = {{2016.10.31}},
	author = {Griebel, Michael and Oeltz, Daniel and Schweitzer, Marc Alexander},
	title = {{An Algebraic Multigrid Method for Linear Elasticity}},
	journal = {{SIAM J. Sci. Comput}},
	volume = {25},
	pages = {407},
	year = {2003},
}

@Article{GrinsKS:2002b,
	Old_key = {{grinspun:2002:charms}},
	Owner = {{nathan}},
	Timestamp = {{2016.10.31}},
	author = {Grinspun, E. and Krysl, P. and Schröder, P.},
	title = {{CHARMS: A simple framework for adaptive simulation}},
	journal = {{ACM Trans. Graph. (SIGGRAPH Proc.)}},
	volume = {21},
	pages = {281-290},
	year = {2002},
}

@Article{GrinsKS:2002,
	Acmid = {{566578}},
	Doi = {{10.1145/566654.566578}},
	Issn = {{0730-0301}},
	Issue_date = {{July 2002}},
	Keywords = {{adaptive computation, basis function, multiresolution, refinement relation, subdivision}},
	__markedentry = {{[nathan:6]}},
	Month = {{jul}},
	Numpages = {{10}},
	Old_key = {{grinspun:2002:charms}},
	Owner = {{nathan}},
	Publisher = {{ACM}},
	Timestamp = {{2016.10.31}},
	author = {Grinspun, Eitan and Krysl, Petr and Schröder, Peter},
	title = {{CHARMS: A Simple Framework for Adaptive Simulation}},
	journal = {{ACM Trans. Graph.}},
	volume = {21},
	number = {3},
	pages = {281-290},
	year = {2002},
}

@Article{GuendBF:2003,
	Old_key = {{Guendelman:2003:NRB}},
	Owner = {{nathan}},
	Timestamp = {{2016.08.09}},
	author = {Guendelman, Eran and Bridson, Robert and Fedkiw, Ronald},
	title = {{Nonconvex Rigid Bodies with Stacking}},
	journal = {{ACM TOG}},
	volume = {22},
	number = {3},
	pages = {871-878},
	year = {2003},
}

@Article{GuendSLF:2005,
	Address = {{New York, NY, USA}},
	Doi = {{http://doi.acm.org/10.1145/1073204.1073299}},
	Issn = {{0730-0301}},
	Old_key = {{GSLF05}},
	author = {Guendelman, E. and Selle, A. and Losasso, F. and Fedkiw, R.},
	title = {{Coupling water and smoke to thin deformable and rigid shells}},
	journal = {{ACM Transactions on Graphics (SIGGRAPH Proceedings)}},
	volume = {24},
	number = {3},
	pages = {973-981},
	year = {2005},
}

@Article{GuittLTG:2015,
	__markedentry = {{[nathan:]}},
	Old_key = {{Guittet:2015:SEP}},
	Owner = {{nathan}},
	Timestamp = {{2016.10.31}},
	author = {Guittet, A. and Lepilliez, M. and Tanguy, S. and Gibou, F.},
	title = {{Solving Elliptic Problems with Discontinuities on Irregular Domains - the Voronoi Interface Method}},
	journal = {{J. Comput. Phys.}},
	volume = {298},
	number = {C},
	pages = {747-765},
	year = {2015},
}

@Article{HarloW:1965,
	Old_key = {{HW65}},
	Owner = {{nathan}},
	Timestamp = {{2016.10.31}},
	author = {Harlow, F. and Welch, J.},
	title = {{Numerical calculation of time-dependent viscous incompressible flow of fluid with a free surface}},
	journal = {{Phys. Fl.}},
	volume = {8},
	pages = {2812-2189},
	year = {1965},
}

@Article{HarloW:1965b,
	Old_key = {{Harlow:1965:NCO}},
	Owner = {{nathan}},
	Timestamp = {{2016.10.31}},
	author = {Harlow, F. and Welch, J.},
	title = {{Numerical Calculation of Time-Dependent Viscous Incompressible Flow of Fluid with Free Surface}},
	journal = {{Phys. Fluids}},
	volume = {8},
	pages = {2182-2189},
	year = {1965},
}

@Article{HarloW:1965c,
	Doi = {{http://dx.doi.org/10.1063/1.1761178}},
	__markedentry = {{[nathan:]}},
	Old_key = {{Harlow:1965:Fluids}},
	Owner = {{nathan}},
	Timestamp = {{2016.10.31}},
	Url = {{http://scitation.aip.org/content/aip/journal/pof1/8/12/10.1063/1.1761178}},
	author = {Harlow, Francis H. and Welch, J.  Eddie},
	title = {{Numerical Calculation of Time‐Dependent Viscous Incompressible Flow of Fluid with Free Surface}},
	journal = {{Physics of Fluids (1958-1988)}},
	volume = {8},
	number = {12},
	pages = {2182-2189},
	year = {1965},
}

@InProceedings{HauthS:2004,
	BookTitle = {{In Proc. of WSCG}},
	Old_key = {{hauth:2004:corotational}},
	Owner = {{nathan}},
	Timestamp = {{2016.10.31}},
	author = {Hauth, M. and Strasser, W.},
	title = {{Corotational Simulation of Deformable Solids}},
	pages = {137-145},
	year = {2004},
}

@Article{HechtLSO:2012,
	__markedentry = {{[nathan:]}},
	Old_key = {{Hecht:2012:USC}},
	Owner = {{nathan}},
	Timestamp = {{2016.10.31}},
	author = {Hecht, Florian and Lee, Yeon Jin and Shewchuk, Jonathan R. and O’Brien, James F.},
	title = {{Updated Sparse Cholesky Factors for Corotational Elastodynamics}},
	journal = {{ACM Trans. Graph.}},
	volume = {31},
	number = {5},
	pages = {123-1},
	year = {2012},
}

@InProceedings{HellrSSST:2009,
	BookTitle = {{SIGGRAPH 2009: Talks}},
	__markedentry = {{[nathan:]}},
	Old_key = {{Hellrung:2009:GFM}},
	Owner = {{nathan}},
	Series = {{SIGGRAPH ’09}},
	Timestamp = {{2016.10.31}},
	author = {Hellrung, Jeffrey and Selle, Andrew and Shek, Arthur and Sifakis, Eftychios and Teran, Joseph},
	title = {{Geometric Fracture Modeling in Bolt}},
	pages = {7-1},
	year = {2009},
}

@Article{HellrWST:2012,
	Acmid = {{2088809}},
	Doi = {{10.1016/j.jcp.2011.11.023}},
	Issn = {{0021-9991}},
	Issue_date = {{February, 2012}},
	Keywords = {{Elliptic interface problems, Embedded interface methods, Multigrid methods, Variational methods, Virtual node methods}},
	__markedentry = {{[nathan:6]}},
	Month = {{feb}},
	Numpages = {{34}},
	Old_key = {{hellrung:2012:virtualnode}},
	Owner = {{nathan}},
	Publisher = {{Academic Press Professional, Inc.}},
	Timestamp = {{2016.10.31}},
	author = {Hellrung, Jr. ,. Jeffrey Lee and Wang, Luming and Sifakis, Eftychios and Teran, Joseph M.},
	title = {{A Second Order Virtual Node Method for Elliptic Problems with Interfaces and Irregular Domains in Three Dimensions}},
	journal = {{J. Comput. Phys.}},
	volume = {231},
	number = {4},
	pages = {2015-2048},
	year = {2012},
}

@InProceedings{HermaRF:2009,
	Acmid = {{2386190}},
	Doi = {{10.2312/EGPGV/EGPGV09/001-008}},
	Isbn = {{978-3-905674-15-6}},
	Location = {{Munich, Germany}},
	__markedentry = {{[nathan:6]}},
	Numpages = {{8}},
	Old_key = {{Hermann:2009:multicore}},
	Owner = {{nathan}},
	Publisher = {{Eurographics Association}},
	Series = {{EG PGV’09}},
	Timestamp = {{2016.10.31}},
	author = {Hermann, Everton and Raffin, Bruno and Faure, François},
	title = {{Interactive Physical Simulation on Multicore Architectures}},
	pages = {1-8},
	year = {2009},
}

@Article{HiptmX:2007,
	Old_key = {{hiptmair:2007mixed}},
	Owner = {{nathan}},
	Timestamp = {{2016.10.31}},
	author = {Hiptmair, Ralf and Xu, Jinchao},
	title = {{Nodal Auxiliary Space Preconditioning in H(curl) and H(div) Spaces}},
	journal = {{SIAM Journal on Numerical Analysis}},
	volume = {45},
	number = {6},
	pages = {2483-2509},
	year = {2007},
}

@InProceedings{HirotFLFo:2001,
	Author:corp = {{IEEE}},
	__markedentry = {{[nathan:6]}},
	Old_key = {{hirota:2001:implicit}},
	Owner = {{nathan}},
	Series = {{CA ’01}},
	Timestamp = {{2016.10.31}},
	author = {Hirota, Gentaro and Fisher, Susan and Lee, Chris and Fuchs, H. and others,},
	title = {{An implicit finite element method for elastic solids in contact}},
	pages = {136-254},
	year = {2001},
}

@Article{HongK:2005,
	Address = {{New York, NY, USA}},
	Doi = {{http://doi.acm.org/10.1145/1073204.1073283}},
	Issn = {{0730-0301}},
	Old_key = {{HK05}},
	Owner = {{nathan}},
	Publisher = {{ACM}},
	Timestamp = {{2016.10.31}},
	author = {Hong, J. and Kim, C.},
	title = {{Discontinuous fluids}},
	journal = {{ACM Trans. Graph.}},
	volume = {24},
	number = {3},
	pages = {915-920},
	year = {2005},
}

@Article{HongLYK:2008,
	Address = {{New York, NY, USA}},
	Doi = {{http://doi.acm.org/10.1145/1360612.1360647}},
	Issn = {{0730-0301}},
	Old_key = {{HLYK08}},
	Owner = {{nathan}},
	Publisher = {{ACM}},
	Timestamp = {{2016.10.31}},
	author = {Hong, J. and Lee, H. and Yoon, J. and Kim, C.},
	title = {{Bubbles alive}},
	journal = {{ACM Trans. Graph.}},
	volume = {27},
	number = {3},
	pages = {1-4},
	year = {2008},
}

@Article{HorvaG:2009,
	Address = {{New York, NY, USA}},
	Doi = {{http://doi.acm.org/10.1145/1531326.1531347}},
	Issn = {{0730-0301}},
	Old_key = {{HG09}},
	Owner = {{nathan}},
	Publisher = {{ACM}},
	Timestamp = {{2016.10.31}},
	author = {Horvath, C. and Geiger, W.},
	title = {{Directable, high-resolution simulation of fire on the GPU}},
	journal = {{ACM Trans. Graph.}},
	volume = {28},
	number = {3},
	pages = {1-8},
	year = {2009},
}

@InProceedings{HorvaG:2009b,
	Acmid = {{1531347}},
	Address = {{New York, NY, USA}},
	Articleno = {{41}},
	BookTitle = {{ACM SIGGRAPH 2009 Papers}},
	Doi = {{10.1145/1576246.1531347}},
	Isbn = {{978-1-60558-726-4}},
	Keywords = {{GPU, fire, particles, simulation}},
	Location = {{New Orleans, Louisiana}},
	__markedentry = {{[nathan:]}},
	Numpages = {{8}},
	Old_key = {{Horvath:2009:FireOnGPU}},
	Owner = {{nathan}},
	Publisher = {{ACM}},
	Series = {{SIGGRAPH ’09}},
	Timestamp = {{2016.10.31}},
	Url = {{http://doi.acm.org/10.1145/1576246.1531347}},
	author = {Horvath, Christopher and Geiger, Willi},
	title = {{Directable, High-resolution Simulation of Fire on the GPU}},
	pages = {41-1},
	year = {2009},
}

@Article{HoustNBNM:2006,
	Acmid = {{1122508}},
	Address = {{New York, NY, USA}},
	Doi = {{10.1145/1122501.1122508}},
	Issn = {{0730-0301}},
	Issue_date = {{January 2006}},
	Keywords = {{Level set methods, adaptive distance fields, computational fluid dynamics, deformable surfaces, geometric modeling, implicit surfaces, mesh scan conversion, morphology, shape}},
	Numpages = {{25}},
	Old_key = {{Houston:2006:HRLE}},
	Owner = {{nathan}},
	Publisher = {{ACM}},
	Timestamp = {{2016.08.09}},
	Url = {{http://doi.acm.org/10.1145/1122501.1122508}},
	author = {Houston, Ben and Nielsen, Michael B. and Batty, Christopher and Nilsson, Ola and Museth, Ken},
	title = {{Hierarchical RLE Level Set: A Compact and Versatile Deformable Surface Representation}},
	journal = {{ACM Trans. Graph.}},
	volume = {25},
	number = {1},
	pages = {151-175},
	year = {2006},
}

@InProceedings{HugheGSKKSCHC:2007,
	BookTitle = {{Intl. Symp. on Comput. Architecture}},
	Old_key = {{Hughes:2007:physicalsimulation}},
	Owner = {{nathan}},
	Timestamp = {{2016.10.31}},
	author = {Hughes, C. and Grzeszczuk, R. and Sifakis, E. and Kim, D. and Kumar, S. and Selle, A. and Chhugani, J. and Holliman, M. and Chen, Y. K.},
	title = {{Physical Simulation for Animation and Visual Effects: Parallelization and Characterization for Chip Multiprocessors}},
	year = {2007},
}

@Book{Hughe:1987,
	Old_key = {{hughes:1987:fem}},
	Owner = {{nathan}},
	Publisher = {{Prentice Hall}},
	Timestamp = {{2016.08.09}},
	author = {Hughes, T.},
	title = {{The Finite Element Method: Linear Static and Dynamic Finite Element Analysis}},
	year = {1987},
}

@Article{IgaraMH:2005,
	Acmid = {{1073323}},
	Doi = {{10.1145/1073204.1073323}},
	Issn = {{0730-0301}},
	Issue_date = {{July 2005}},
	Keywords = {{animation, deformation, image editing, interaction, mesh editing, shape manipulation}},
	__markedentry = {{[nathan:6]}},
	Month = {{jul}},
	Numpages = {{8}},
	Old_key = {{Igarashi:2005:ASM:1073204.1073323}},
	Owner = {{nathan}},
	Publisher = {{ACM}},
	Timestamp = {{2016.10.31}},
	author = {Igarashi, Takeo and Moscovich, Tomer and Hughes, John F.},
	title = {{As-rigid-as-possible Shape Manipulation}},
	journal = {{ACM Trans. Graph.}},
	volume = {24},
	number = {3},
	pages = {1134-1141},
	year = {2005},
}

@Article{IhmseCSHT:2014,
	Old_key = {{Ihmsen:2014:IIS}},
	Owner = {{nathan}},
	Timestamp = {{2016.08.09}},
	author = {Ihmsen, Markus and Cornelis, Jens and Solenthaler, Barbara and Horvath, Christopher and Teschner, Matthias},
	title = {{Implicit Incompressible SPH}},
	journal = {{IEEE Transactions on Visualization and Computer Graphics}},
	volume = {20},
	number = {3},
	pages = {426-435},
	year = {2014},
}

@Misc{Intel:2011--2014,
	__markedentry = {{[nathan:6]}},
	Old_key = {{intel:2014:ispc}},
	Owner = {{nathan}},
	Timestamp = {{2016.10.31}},
	Url = {{http://ispc.github.io/}},
	author = {Corporation, Intel},
	title = {{ISPC: Intel SPMD Program Compiler}},
	year = {2011–2014},
}

@Misc{Intel:2011--2014b,
	Old_key = {{intel:2014:ispc}},
	Owner = {{nathan}},
	Timestamp = {{2016.08.09}},
	Url = {{http://ispc.github.io/}},
	author = {Corporation, Intel},
	title = {{ISPC: Intel SPMD Program Compiler}},
	year = {2011–2014},
}

@Misc{Intel:2011--2014c,
	Old_key = {{IntelCorporation2011–2014}},
	Owner = {{nathan}},
	Timestamp = {{2016.08.09}},
	Url = {{http://ispc.github.io/}},
	author = {Corporation, Intel},
	title = {{ISPC: Intel SPMD Program Compiler}},
	year = {2011–2014},
}

@Article{IrvinGLF:2006,
	Address = {{New York, NY, USA}},
	Doi = {{http://doi.acm.org/10.1145/1141911.1141959}},
	Issn = {{0730-0301}},
	Old_key = {{IGLF06}},
	Owner = {{nathan}},
	Publisher = {{ACM}},
	Timestamp = {{2016.10.31}},
	author = {Irving, G. and Guendelman, E. and Losasso, F. and Fedkiw, R.},
	title = {{Efficient simulation of large bodies of water by coupling two and three dimensional techniques}},
	journal = {{ACM Trans. Graph.}},
	volume = {25},
	number = {3},
	pages = {805-811},
	year = {2006},
}

@InProceedings{IrvinGLF:2006b,
	Acmid = {{1141959}},
	Doi = {{10.1145/1179352.1141959}},
	Isbn = {{1-59593-364-6}},
	Keywords = {{Navier-Stokes equations, adaptive simulation, rivers, streams, water}},
	Location = {{Boston, Massachusetts}},
	__markedentry = {{[nathan:]}},
	Numpages = {{7}},
	Old_key = {{Irving:2006:LargeBodiesWater}},
	Owner = {{nathan}},
	Series = {{SIGGRAPH ’06}},
	Timestamp = {{2016.10.31}},
	Url = {{http://doi.acm.org/10.1145/1179352.1141959}},
	author = {Irving, Geoffrey and Guendelman, Eran and Losasso, Frank and Fedkiw, Ronald},
	title = {{Efficient Simulation of Large Bodies of Water by Coupling Two and Three Dimensional Techniques}},
	pages = {805-811},
	year = {2006},
}

@Article{IrvinSF:2007,
	Old_key = {{irving:2007:incompressible}},
	Owner = {{nathan}},
	Timestamp = {{2016.08.09}},
	author = {Irving, G. and Schroeder, C. and Fedkiw, R.},
	title = {{Volume Conserving Finite Element Simulations of Deformable Models}},
	journal = {{ACM Transactions on Graphics (SIGGRAPH Proc.)}},
	volume = {26},
	number = {3},
	year = {2007},
}

@InProceedings{IrvinTF:2004,
	Acmid = {{1028541}},
	Doi = {{10.1145/1028523.1028541}},
	Isbn = {{3-905673-14-2}},
	Location = {{Grenoble, France}},
	__markedentry = {{[nathan:6]}},
	Numpages = {{10}},
	Old_key = {{Irving:2004:invertable}},
	Owner = {{nathan}},
	Publisher = {{Eurographics Association}},
	Series = {{SCA ’04}},
	Timestamp = {{2016.10.31}},
	author = {Irving, G. and Teran, J. and Fedkiw, R.},
	title = {{Invertible Finite Elements for Robust Simulation of Large Deformation}},
	pages = {131-140},
	year = {2004},
}

@Article{JacobBPS:2011,
	Acmid = {{1964973}},
	Articleno = {{78}},
	Doi = {{10.1145/2010324.1964973}},
	Issn = {{0730-0301}},
	Issue_date = {{July 2011}},
	Keywords = {{articulated character animation, generalized barycentric coordinates, linear blend skinning, shape deformation}},
	__markedentry = {{[nathan:6]}},
	Month = {{jul}},
	Numpages = {{8}},
	Old_key = {{Jacobson:2011:BBW:2010324.1964973}},
	Owner = {{nathan}},
	Publisher = {{ACM}},
	Timestamp = {{2016.10.31}},
	author = {Jacobson, Alec and Baran, Ilya and Popović, Jovan and Sorkine, Olga},
	title = {{Bounded Biharmonic Weights for Real-time Deformation}},
	journal = {{ACM Trans. Graph.}},
	volume = {30},
	number = {4},
	pages = {78-1},
	year = {2011},
}

@Article{JacobS:2011,
	Acmid = {{2024199}},
	Articleno = {{165}},
	Doi = {{10.1145/2070781.2024199}},
	Issn = {{0730-0301}},
	Issue_date = {{December 2011}},
	Keywords = {{articulated character animation, linear blend skinning, shape deformation}},
	__markedentry = {{[nathan:6]}},
	Month = {{dec}},
	Numpages = {{8}},
	Old_key = {{Jacobson:2011:STB:2070781.2024199}},
	Owner = {{nathan}},
	Publisher = {{ACM}},
	Timestamp = {{2016.10.31}},
	author = {Jacobson, Alec and Sorkine, Olga},
	title = {{Stretchable and Twistable Bones for Skeletal Shape Deformation}},
	journal = {{ACM Trans. Graph.}},
	volume = {30},
	number = {6},
	pages = {165-1},
	year = {2011},
}

@InProceedings{JamesBT:2004,
	BookTitle = {{SIGGRAPH 2004 Sketches & Applications}},
	Old_key = {{james:2004:squashingcubes}},
	Owner = {{nathan}},
	Publisher = {{ACM Press}},
	Timestamp = {{2016.10.31}},
	author = {James, D. and Barbic, J. and Twigg, C.},
	title = {{Squashing Cubes: Automating Deformable Model Construction for Graphics}},
	year = {2004},
}

@Article{JamesF:2003,
	Old_key = {{james:2003:precomputing}},
	Owner = {{nathan}},
	Timestamp = {{2016.10.31}},
	author = {James, D. and Fatahalian, K.},
	title = {{Precomputing Interactive Dynamic Deformable Scenes}},
	journal = {{ACM Trans. Graph. (SIGGRAPH Proc.)}},
	volume = {22},
	pages = {879-887},
	year = {2003},
}

@InProceedings{JamesP:1999,
	BookTitle = {{Proceedings of SIGGRAPH 99}},
	Doi = {{10.1145/311535.311542}},
	__markedentry = {{[nathan:6]}},
	Old_key = {{james1999artdefo}},
	Owner = {{nathan}},
	Timestamp = {{2016.10.31}},
	author = {James, Doug and Pai, Dinesh},
	title = {{ArtDefo: accurate real time deformable objects}},
	pages = {65-72},
	year = {1999},
}

@Article{JerabK:2009,
	Acmid = {{1669291}},
	Doi = {{10.1109/MCG.2009.32}},
	Issn = {{0272-1716}},
	Issue_date = {{March/April 2009}},
	Numpages = {{11}},
	Old_key = {{jerabkova:2009:stablecutting}},
	Owner = {{nathan}},
	Publisher = {{IEEE Computer Society Press}},
	Timestamp = {{2016.08.09}},
	author = {JeŖábková, Lenka and Kuhlen, Torsten},
	title = {{Stable Cutting of Deformable Objects in Virtual Environments Using XFEM}},
	journal = {{IEEE Comput. Graph. Appl.}},
	volume = {29},
	number = {2},
	pages = {61-71},
	year = {2009},
}

@Article{JerabBBFA:2010,
	Abstract = {{A new approach for the interactive simulation of viscoelastic object cutting is presented. Two synchronized geo- metrical models at different resolutions are used, both derived from medical images. In contrast with most previous approaches, the blade deforms the object, and cutting occurs once a contact pressure threshold is exceeded. Moreover, we achieve interactive simulation rates by embedding a high resolution geometry within a regular grid with arbitrary resolution. This allows to trade off accuracy for speed in the computation of deformations. The input data is a high- resolution volumetric model of the objects. The surface model of the object, used for rendering as well as collision detection and response, is a polygonal level set of the volumetric data. It is embedded in the volume model using barycentric coordinates. Cutting is performed by removing voxels at the fine level, and updating the surface and volume models accordingly. We introduce a new data structure, which we call a Dynamic Branched Grid, in order to preserve the fine level topology at the coarse level. When an element of the coarse volumetric model is cut, it is replaced by a number of superimposed elements with the same size and at the same rest position as the original one. Each new element is assigned a part of material contained in the original one, and the mass and stiffness are recomputed accordingly. The well-known problem of creating small, ill-shaped finite elements while remeshing is thus completely avoided.}},
	Affiliation = {{EVASION - INRIA Grenoble Rhône-Alpes / LJK Laboratoire Jean Kuntzmann , SHACRA - INRIA Lille - Nord Europe / INRIA Nancy - Grand Est / LIFL}},
	Audience = {{internationale }},
	Doi = {{10.1016/j.pbiomolbio.2010.09.012 }},
	File = {{pbmb10.pdf:http\://hal.inria.fr/inria-00550267/PDF/pbmb10.pdf:PDF}},
	Hal_id = {{inria-00550267}},
	Keywords = {{mechanical simulation biomechanics computer graphics surgery simulation cutting}},
	Language = {{Anglais}},
	Month = {{Dec}},
	Note = {{Special Issue on Biomechanical Modelling of Soft Tissue Motion }},
	Old_key = {{jerabkova:2010:cutting}},
	Owner = {{nathan}},
	Publisher = {{Elsevier}},
	Timestamp = {{2016.08.09}},
	author = {Jerabkova, Lenka and Bousquet, Guillaume and Barbier, Sébastien and Faure, Fran\c cois and Allard, Jérémie},
	title = {{Volumetric modeling and interactive cutting of deformable bodies}},
	journal = {{Progress in Biophysics and Molecular Biology}},
	volume = {103},
	number = {2-3 },
	pages = {217-224},
	year = {2010},
}

@Article{JiangSSTS:2015,
	Old_key = {{Jiang:2015:APM}},
	Owner = {{nathan}},
	Timestamp = {{2016.08.09}},
	author = {Jiang, Chenfanfu and Schroeder, Craig and Selle, Andrew and Teran, Joseph and Stomakhin, Alexey},
	title = {{The Affine Particle-in-cell Method}},
	journal = {{ACM Trans. Graph.}},
	volume = {34},
	number = {4},
	pages = {51-1},
	year = {2015},
}

@InProceedings{JobsoRW:1995,
	Author:corp = {{The Society for Imaging Science and Technology}},
	BookTitle = {{Proceedings of the IS&T Fourth Color Imaging Conference: Color Science, Systems, and Applications}},
	Old_key = {{Jobs95}},
	author = {Jobson, Daniel J. and Rahman, Zia-ur and Woodell, Glenn A.},
	title = {{Retinex image processing: Improved fidelity to direct visual observation}},
	volume = {4},
	pages = {124-125},
	year = {1995},
}

@Article{JoshiMDGS:2007,
	Acmid = {{1276466}},
	Articleno = {{71}},
	Doi = {{10.1145/1276377.1276466}},
	Issn = {{0730-0301}},
	Issue_date = {{July 2007}},
	Keywords = {{barycentric coordinates, free form deformations, mean value coordinates, rigging}},
	__markedentry = {{[nathan:6]}},
	Month = {{jul}},
	Old_key = {{Joshi:2007:HCC:1276377.1276466}},
	Owner = {{nathan}},
	Publisher = {{ACM}},
	Timestamp = {{2016.10.31}},
	author = {Joshi, Pushkar and Meyer, Mark and DeRose, Tony and Green, Brian and Sanocki, Tom},
	title = {{Harmonic Coordinates for Character Articulation}},
	journal = {{ACM Trans. Graph.}},
	volume = {26},
	number = {3},
	year = {2007},
}

@Article{JungKNH:2013,
	__markedentry = {{[nathan:]}},
	Old_key = {{CAV:CAV1498}},
	Owner = {{nathan}},
	Timestamp = {{2016.10.31}},
	author = {Jung, Hwi-Ryong and Kim, Sun-Tae and Noh, Junyong and Hong, Jeong-Mo},
	title = {{A heterogeneous CPU-GPU parallel approach to a multigrid Poisson solver for incompressible fluid simulation}},
	journal = {{Computer Animation and Virtual Worlds}},
	volume = {24},
	number = {3-4},
	pages = {185-193},
	year = {2013},
}

@TechReport{KoestGWT:2008,
	Note = {{Ergebnisberichte des Instituts für Angewandte Mathematik, Nummer 382}},
	Old_key = {{KGWT08}},
	Owner = {{nathan}},
	Publisher = {{Fakultät für Mathematik, TU Dortmund}},
	Timestamp = {{2016.10.31}},
	author = {Köster, M. and Göddeke, D. and Wobker, H. and Turek, S.},
	title = {{How to gain speedups of 1000 on single processors with fast FEM solvers – Benchmarking numerical and computational efficiency}},
	year = {2008},
}

@PhdThesis{Kartc:2000,
	Old_key = {{kartch:2000:ERA}},
	School = {{Cornell University}},
	author = {Kartch, Daniel},
	title = {{Efficient Rendering and Compression for Full-Parallax Computer-Generated Holographic Stereograms}},
	year = {2000},
}

@Article{KaufmMBGG:2009,
	Old_key = {{Kaufmann:2009:ETD}},
	Owner = {{nathan}},
	Timestamp = {{2016.08.09}},
	author = {Kaufmann, Peter and Martin, Sebastian and Botsch, Mario and Grinspun, Eitan and Gross, Markus},
	title = {{Enrichment Textures for Detailed Cutting of Shells}},
	journal = {{ACM Trans. Graph.}},
	volume = {28},
	number = {3},
	pages = {50-1},
	year = {2009},
}

@Article{KaufmMBG:2009,
	Acmid = {{1551026}},
	Doi = {{10.1016/j.gmod.2009.02.002}},
	Issn = {{1524-0703}},
	Issue_date = {{July, 2009}},
	Keywords = {{Discontinuous Galerkin, Finite element methods, Physically-based simulation}},
	Month = {{jul}},
	Numpages = {{15}},
	Old_key = {{kaufmann:2009:galerkin}},
	Owner = {{nathan}},
	Publisher = {{Academic Press Professional, Inc.}},
	Timestamp = {{2016.08.09}},
	author = {Kaufmann, Peter and Martin, Sebastian and Botsch, Mario and Gross, Markus},
	title = {{Flexible Simulation of Deformable Models Using Discontinuous Galerkin FEM }},
	journal = {{Graph. Models}},
	volume = {71},
	number = {4},
	pages = {153-167},
	year = {2009},
}

@Article{KaufmMBG:2009b,
	Old_key = {{kaufmann:2009:dg}},
	Owner = {{nathan}},
	Publisher = {{Academic Press Professional, Inc. San Diego, CA, USA}},
	Timestamp = {{2016.10.31}},
	author = {Kaufmann, P. and Martin, S. and Botsch, M. and Gross, M.},
	title = {{Flexible simulation of deformable models using discontinuous Galerkin FEM}},
	journal = {{Graphical Models}},
	volume = {71},
	number = {4},
	pages = {153-167},
	year = {2009},
}

@InProceedings{KaufmMBG:2008,
	BookTitle = {{ACM SIGGRAPH/Eurographics Symp. on Comp. Animation}},
	Old_key = {{kaufmann:2008:discontinuous}},
	Owner = {{nathan}},
	Timestamp = {{2016.10.31}},
	author = {Kaufmann, P. and Martin, S. and Botsch, M. and Gross, M.},
	title = {{Flexible Simulation of Deformable Models Using Discontinuous Galerkin FEM}},
	year = {2008},
}

@Article{KavanCZO:2008,
	Acmid = {{1409627}},
	Articleno = {{105}},
	Doi = {{10.1145/1409625.1409627}},
	Issn = {{0730-0301}},
	Issue_date = {{October 2008}},
	Keywords = {{Skinning, dual quaternions, linear combinations, rigid transformations, transformation blending}},
	__markedentry = {{[nathan:6]}},
	Month = {{nov}},
	Numpages = {{23}},
	Old_key = {{Kavan:2008:GSA:1409625.1409627}},
	Owner = {{nathan}},
	Publisher = {{ACM}},
	Timestamp = {{2016.10.31}},
	author = {Kavan, Ladislav and Collins, Steven and \vZára, JiŖí and O’Sullivan, Carol},
	title = {{Geometric Skinning with Approximate Dual Quaternion Blending}},
	journal = {{ACM Trans. Graph.}},
	volume = {27},
	number = {4},
	pages = {105-1},
	year = {2008},
}

@InProceedings{KavanCO:2009,
	Acmid = {{1507157}},
	Doi = {{10.1145/1507149.1507157}},
	Isbn = {{978-1-60558-429-4}},
	Keywords = {{approximation, linearization, skinning}},
	Location = {{Boston, Massachusetts}},
	__markedentry = {{[nathan:6]}},
	Numpages = {{8}},
	Old_key = {{Kavan:2009:ALN:1507149.1507157}},
	Owner = {{nathan}},
	Publisher = {{ACM}},
	Series = {{I3D ’09}},
	Timestamp = {{2016.10.31}},
	author = {Kavan, Ladislav and Collins, Steven and O’Sullivan, Carol},
	title = {{Automatic Linearization of Nonlinear Skinning}},
	pages = {49-56},
	year = {2009},
}

@Article{KavanS:2012,
	Acmid = {{2366215}},
	Articleno = {{196}},
	Doi = {{10.1145/2366145.2366215}},
	Issn = {{0730-0301}},
	Issue_date = {{November 2012}},
	Keywords = {{elasticity, skeletal shape deformation, skinning}},
	Month = {{nov}},
	Numpages = {{8}},
	Old_key = {{Kavan:2012:EDC:2366145.2366215}},
	Owner = {{nathan}},
	Publisher = {{ACM}},
	Timestamp = {{2016.08.09}},
	author = {Kavan, Ladislav and Sorkine, Olga},
	title = {{Elasticity-inspired Deformers for Character Articulation}},
	journal = {{ACM Trans. Graph.}},
	volume = {31},
	number = {6},
	pages = {196-1},
	year = {2012},
}

@Article{KazhdH:2008,
	Address = {{New York, NY, USA}},
	Doi = {{http://doi.acm.org/10.1145/1360612.1360620}},
	Issn = {{0730-0301}},
	Old_key = {{KH08}},
	Owner = {{nathan}},
	Publisher = {{ACM}},
	Timestamp = {{2016.10.31}},
	author = {Kazhdan, M. and Hoppe, H.},
	title = {{Streaming multigrid for gradient-domain operations on large images}},
	journal = {{ACM Trans. Graph.}},
	volume = {27},
	number = {3},
	pages = {1-10},
	year = {2008},
}

@Article{KhareMOD:2009,
	Acmid = {{1531357}},
	Articleno = {{51}},
	Doi = {{10.1145/1531326.1531357}},
	Issn = {{0730-0301}},
	Issue_date = {{August 2009}},
	Keywords = {{homogenization, model coarsening, model reduction}},
	Month = {{jul}},
	Numpages = {{8}},
	Old_key = {{kharevych:2009:numericalcoarsening}},
	Owner = {{nathan}},
	Publisher = {{ACM}},
	Timestamp = {{2016.08.09}},
	author = {Kharevych, Lily and Mullen, Patrick and Owhadi, Houman and Desbrun, Mathieu},
	title = {{Numerical Coarsening of Inhomogeneous Elastic Materials}},
	journal = {{ACM Trans. Graph.}},
	volume = {28},
	number = {3},
	pages = {51-1},
	year = {2009},
}

@Article{KhareMOD:2009b,
	Old_key = {{kharevych2009numerical}},
	author = {Kharevych, L. and Mullen, P. and Owhadi, H. and Desbrun, M.},
	title = {{Numerical coarsening of inhomogeneous elastic materials}},
	journal = {{ACM Trans. on Graphics (SIGGRAPH Proc.)}},
	volume = {28},
	number = {3},
	pages = {51},
	year = {2009},
}

@Article{KhodaSA:2005,
	Old_key = {{aksoylu:2005:multilevel}},
	Owner = {{nathan}},
	Timestamp = {{2016.10.31}},
	author = {Khodakovsky, A. and Schröder, P. and Aksoylu, B.},
	title = {{Multilevel Solvers For Unstructured Surface Meshes }},
	journal = {{SIAM J. Sci. Comput}},
	volume = {26},
	number = {4},
	year = {2005},
}

@Article{KimCDS:2007,
	Doi = {{10.1002/rcs.140}},
	Issn = {{1478-596X}},
	Keywords = {{physically-based organ model, surgical simulation, real-time computation}},
	Old_key = {{Jung:2007:multiresorgan}},
	Owner = {{nathan}},
	Publisher = {{John Wiley & Sons, Ltd.}},
	Timestamp = {{2016.08.09}},
	author = {Kim, Jung and Choi, Changmok and De, Suvranu and Srinivasan, Mandayam A.},
	title = {{Virtual surgery simulation for medical training using multi-resolution organ models}},
	journal = {{The International Journal of Medical Robotics and Computer Assisted Surgery}},
	volume = {3},
	number = {2},
	pages = {149-158},
	year = {2007},
}

@Article{KimP:2011,
	Old_key = {{kim2011fast}},
	Publisher = {{ACM}},
	author = {Kim, J. and Pollard, N. S.},
	title = {{Fast simulation of skeleton-driven deformable body characters}},
	journal = {{ACM Transactions on Graphics (TOG)}},
	volume = {30},
	number = {5},
	pages = {121},
	year = {2011},
}

@Article{KimP:2011b,
	Acmid = {{2019640}},
	Articleno = {{121}},
	Doi = {{10.1145/2019627.2019640}},
	Issn = {{0730-0301}},
	Issue_date = {{October 2011}},
	Keywords = {{Physics simulation, deformable body, finite element method, hybrid dynamics, mesh embedding, parallel computing, physically-based simulation, skeleton, skeleton-driven deformable body}},
	Month = {{oct}},
	Numpages = {{19}},
	Old_key = {{kim:2011:skeleton}},
	Owner = {{nathan}},
	Publisher = {{ACM}},
	Timestamp = {{2016.08.09}},
	author = {Kim, Junggon and Pollard, Nancy S.},
	title = {{Fast Simulation of Skeleton-driven Deformable Body Characters}},
	journal = {{ACM Trans. Graph.}},
	volume = {30},
	number = {5},
	pages = {121-1},
	year = {2011},
}

@InProceedings{KimC:2007,
	Address = {{Aire-la-Ville, Switzerland, Switzerland}},
	BookTitle = {{SCA ’07: Proceedings of the 2007 ACM SIGGRAPH/Eurographics symposium on Computer animation}},
	Isbn = {{978-1-59593-624-4}},
	Location = {{San Diego, California}},
	Old_key = {{KC07}},
	Owner = {{nathan}},
	Publisher = {{Eurographics Association}},
	Timestamp = {{2016.10.31}},
	author = {Kim, T. and Carlson, M.},
	title = {{A simple boiling module}},
	pages = {27-34},
	year = {2007},
}

@InProceedings{KimJ:2011,
	Acmid = {{2019415}},
	Doi = {{10.1145/2019406.2019415}},
	Isbn = {{978-1-4503-0923-3}},
	Location = {{Vancouver, British Columbia, Canada}},
	__markedentry = {{[nathan:6]}},
	Numpages = {{10}},
	Old_key = {{Kim:2011:PCS:2019406.2019415}},
	Owner = {{nathan}},
	Publisher = {{ACM}},
	Series = {{SCA ’11}},
	Timestamp = {{2016.10.31}},
	author = {Kim, Theodore and James, Doug L.},
	title = {{Physics-based Character Skinning Using Multi-domain Subspace Deformations}},
	pages = {63-72},
	year = {2011},
}

@InProceedings{KimTJG:2008,
	Acmid = {{1360649}},
	Address = {{New York, NY, USA}},
	Articleno = {{50}},
	BookTitle = {{ACM SIGGRAPH 2008 Papers}},
	Doi = {{10.1145/1399504.1360649}},
	Isbn = {{978-1-4503-0112-1}},
	Keywords = {{fluids, noise, simulation control, turbulence, wavelets}},
	Location = {{Los Angeles, California}},
	Numpages = {{6}},
	Old_key = {{Kim:2008:WaveletTurbulence}},
	Owner = {{nathan}},
	Publisher = {{ACM}},
	Series = {{SIGGRAPH ’08}},
	Timestamp = {{2016.08.09}},
	Url = {{http://doi.acm.org/10.1145/1399504.1360649}},
	author = {Kim, Theodore and Thürey, Nils and James, Doug and Gross, Markus},
	title = {{Wavelet Turbulence for Fluid Simulation}},
	pages = {50-1},
	year = {2008},
}

@Article{KimTJG:2008b,
	Address = {{New York, NY, USA}},
	Doi = {{http://doi.acm.org/10.1145/1360612.1360649}},
	Issn = {{0730-0301}},
	Old_key = {{KTJG08}},
	Owner = {{nathan}},
	Publisher = {{ACM}},
	Timestamp = {{2016.10.31}},
	author = {Kim, T. and Thürey, N. and James, D. and Gross, M.},
	title = {{Wavelet turbulence for fluid simulation}},
	journal = {{ACM Trans. Graph.}},
	volume = {27},
	number = {3},
	pages = {1-6},
	year = {2008},
}

@Article{KlingFCO:2006,
	Address = {{New York, NY, USA}},
	Doi = {{http://doi.acm.org/10.1145/1141911.1141961}},
	Issn = {{0730-0301}},
	Old_key = {{KFCO06}},
	Owner = {{nathan}},
	Publisher = {{ACM}},
	Timestamp = {{2016.10.31}},
	author = {Klingner, B. and Feldman, B. and Chentanez, N. and O’Brien, J.},
	title = {{Fluid animation with dynamic meshes}},
	journal = {{ACM Trans. Graph.}},
	volume = {25},
	number = {3},
	pages = {820-825},
	year = {2006},
}

@InProceedings{KlingFCO:2006b,
	Acmid = {{1141961}},
	Doi = {{10.1145/1179352.1141961}},
	Isbn = {{1-59593-364-6}},
	Keywords = {{computational fluid dynamics, natural phenomena, physically based animation}},
	Location = {{Boston, Massachusetts}},
	__markedentry = {{[nathan:]}},
	Numpages = {{6}},
	Old_key = {{Klingner:2006:FluidDynamicMeshes}},
	Owner = {{nathan}},
	Series = {{SIGGRAPH ’06}},
	Timestamp = {{2016.10.31}},
	Url = {{http://doi.acm.org/10.1145/1179352.1141961}},
	author = {Klingner, Bryan and Feldman, Bryan and Chentanez, Nuttapong and O’Brien, James},
	title = {{Fluid Animation with Dynamic Meshes}},
	pages = {820-825},
	year = {2006},
}

@InProceedings{KobbeBSS:2001,
	Old_key = {{Kobbelt:2001:surface}},
	Owner = {{nathan}},
	Series = {{SIGGRAPH ’01}},
	Timestamp = {{2016.08.09}},
	author = {Kobbelt, Leif P. and Botsch, Mario and Schwanecke, Ulrich and Seidel, Hans-Peter},
	title = {{Feature Sensitive Surface Extraction from Volume Data}},
	pages = {57-66},
	year = {2001},
}

@InProceedings{KruegW:2003,
	Address = {{New York, NY, USA}},
	BookTitle = {{SIGGRAPH ’03: ACM SIGGRAPH 2003 Papers}},
	Doi = {{http://doi.acm.org/10.1145/1201775.882363}},
	Isbn = {{1-58113-709-5}},
	Location = {{San Diego, California}},
	Old_key = {{KW03}},
	Owner = {{nathan}},
	Publisher = {{ACM}},
	Timestamp = {{2016.10.31}},
	author = {Krüger, J. and Westermann, R.},
	title = {{Linear algebra operators for GPU implementation of numerical algorithms}},
	pages = {908-916},
	year = {2003},
}

@InProceedings{KryJP:2002,
	Acmid = {{545286}},
	Doi = {{10.1145/545261.545286}},
	Isbn = {{1-58113-573-4}},
	Keywords = {{hardware rendering, pose-space deformation, principal component analysis, skeletal-subspace deformation}},
	Location = {{San Antonio, Texas}},
	__markedentry = {{[nathan:6]}},
	Numpages = {{7}},
	Old_key = {{Kry:2002:ERT:545261.545286}},
	Owner = {{nathan}},
	Publisher = {{ACM}},
	Series = {{SCA ’02}},
	Timestamp = {{2016.10.31}},
	author = {Kry, Paul G. and James, Doug L. and Pai, Dinesh K.},
	title = {{EigenSkin: Real Time Large Deformation Character Skinning in Hardware}},
	pages = {153-159},
	year = {2002},
}

@InCollection{KuzmiLS:2013,
	BookTitle = {{Euro-Par 2013 Parallel Processing}},
	Chapter = {{LNCS}},
	Old_key = {{pardiso1}},
	Owner = {{nathan}},
	Timestamp = {{2016.08.09}},
	author = {Kuzmin, A. and Luisier, M. and Schenk, O.},
	title = {{Fast Methods for Computing Selected Elements of the Greens Function in Massively Parallel Nanoelectronic Device Simulations}},
	volume = {8097},
	pages = {533-544},
	year = {2013},
}

@Article{KwatrSGF:2009,
	Old_key = {{kwatra:2009:semiimplicitcompressible}},
	Owner = {{nathan}},
	Timestamp = {{2016.08.09}},
	author = {Kwatra, N. and Su, J. and Grétarsson, J. T. and Fedkiw, R.},
	title = {{A method for avoiding the acoustic time step restriction in compressible flow}},
	journal = {{J. Comput. Phys.}},
	volume = {228},
	number = {11},
	pages = {4146-4161},
	year = {2009},
}

@Article{LabelS:2007,
	Old_key = {{labelle:2007:isosurface}},
	Owner = {{nathan}},
	Timestamp = {{2016.08.09}},
	author = {Labelle, François and Shewchuk, Jonathan},
	title = {{Isosurface Stuffing: Fast Tetrahedral Meshes with Good Dihedral Angles}},
	journal = {{ACM TOG}},
	volume = {26},
	number = {3},
	year = {2007},
}

@Article{LadicJSPG:2015,
	Old_key = {{Ladicky:2015:DFS}},
	Owner = {{nathan}},
	Timestamp = {{2016.08.09}},
	author = {Ladický, L’ubor and Jeong, SoHyeon and Solenthaler, Barbara and Pollefeys, Marc and Gross, Markus},
	title = {{Data-driven Fluid Simulations Using Regression Forests}},
	journal = {{ACM Trans. Graph.}},
	volume = {34},
	number = {6},
	pages = {199-1},
	year = {2015},
}

@Misc{Landi:2002,
	Month = {{July}},
	Old_key = {{notes2002}},
	Url = {{ACM SIGGRAPH 2002 Course #16 Notes}},
	author = {Landis, H.},
	title = {{Global Illumination in Production}},
	year = {2002},
}

@Article{LeeST:2009,
	Old_key = {{lee:2009:biomechanical}},
	Owner = {{nathan}},
	Timestamp = {{2016.08.09}},
	author = {Lee, S. H. and Sifakis, E. and Terzopoulos, D.},
	title = {{Comprehensive biomechanical modeling and simulation of the upper body}},
	journal = {{ACM Transactions on Graphics}},
	volume = {28},
	number = {4},
	pages = {1-17},
	year = {2009},
}

@Article{LeeST:2009b,
	Acmid = {{1559756}},
	Articleno = {{99}},
	Doi = {{10.1145/1559755.1559756}},
	Issn = {{0730-0301}},
	Issue_date = {{August 2009}},
	Keywords = {{Human modeling and animation, biomechanics, finite elements, muscle-based animation, rigid/deformable dynamics and control, soft tissue simulation}},
	Month = {{sep}},
	Numpages = {{17}},
	Old_key = {{Lee:2009:CBM:1559755.1559756}},
	Owner = {{nathan}},
	Publisher = {{ACM}},
	Timestamp = {{2016.08.09}},
	author = {Lee, Sung-Hee and Sifakis, Eftychios and Terzopoulos, Demetri},
	title = {{Comprehensive Biomechanical Modeling and Simulation of the Upper Body}},
	journal = {{ACM Trans. Graph.}},
	volume = {28},
	number = {4},
	pages = {99-1},
	year = {2009},
}

@Book{Leigh:1994,
	Old_key = {{leighton:1994:AB}},
	Owner = {{nathan}},
	Publisher = {{Academic Press}},
	Timestamp = {{2016.08.09}},
	author = {Leighton, T. G.},
	title = {{The Acoustic Bubble}},
	year = {1994},
}

@Article{LekieM:2005,
	Old_key = {{Lekien05tricubicinterpolation}},
	author = {Lekien, F. and Marsden, J.},
	title = {{Tricubic Interpolation in Three Dimensions}},
	journal = {{Journal of Numerical Methods and Engineering}},
	volume = {63},
	pages = {455-471},
	year = {2005},
}

@Article{LentiZF:2010,
	Old_key = {{Lentine:2010:NAI}},
	Owner = {{nathan}},
	Timestamp = {{2016.08.09}},
	author = {Lentine, Michael and Zheng, Wen and Fedkiw, Ronald},
	title = {{A Novel Algorithm for Incompressible Flow Using Only a Coarse Grid Projection}},
	journal = {{ACM Trans. Graph.}},
	volume = {29},
	number = {4},
	pages = {114-1},
	year = {2010},
}

@InProceedings{LevoyPCRKPGADGSF:2000,
	Abstract = {{We describe a hardware and software system for digitizing the shape and color of large fragile objects under non-laboratory conditions. Our system employs laser triangulation rangefinders, laser time-of-flight rangefinders, digital still cameras, and a suite of software for acquiring, aligning, merging, and viewing scanned data. As a demonstration of this system, we digitized 10 statues by Michelangelo, including the well-known figure of David, two building interiors, and all 1,163 extant fragments of the Forma Urbis Romae, a giant marble map of ancient Rome. Our largest single dataset is of the David - 2 billion polygons and 7,000 color images. In this paper,we discuss the challenges we faced in building this system, the solutions we employed, and the lessons we learned. We focus in particular on the unusual design of our laser triangulation scanner and on the algorithms and software we developed for handling very large scanned models.}},
	Address = {{New York}},
	Author:corp = {{ACM}},
	BookTitle = {{Proceedings of SIGGRAPH 2000}},
	Editor = {Akeley, Kurt},
	Keywords = {{3D scanning, rangefinding, sensor fusion, range images, mesh generation, reflectance and shading models, graphics systems, cultural heritage}},
	Old_key = {{levoy:2000:TDM}},
	Publisher = {{ACM Press / ACM SIGGRAPH}},
	Series = {{Computer Graphics Proceedings, Annual Conference Series}},
	author = {Levoy, Marc and Pulli, Kari and Curless, Brian and Rusinkiewicz, Szymon and Koller, David and Pereira, Lucas and Ginzton, Matt and Anderson, Sean and Davis, James and Ginsberg, Jeremy and Shade, Jonathan and Fulk, Duane},
	title = {{The Digital Michelangelo Project}},
	pages = {131-144},
	year = {2000},
}

@InProceedings{LewisCF:2000,
	Acmid = {{344862}},
	Doi = {{10.1145/344779.344862}},
	Isbn = {{1-58113-208-5}},
	Keywords = {{animation, applications, deformation, facial animation, morphing}},
	Numpages = {{8}},
	Old_key = {{Lewis:2000:PSD:344779.344862}},
	Owner = {{nathan}},
	Publisher = {{ACM Press/Addison-Wesley Publishing Co.}},
	Series = {{SIGGRAPH ’00}},
	Timestamp = {{2016.08.09}},
	author = {Lewis, J. P. and Cordner, Matt and Fong, Nickson},
	title = {{Pose Space Deformation: A Unified Approach to Shape Interpolation and Skeleton-driven Deformation}},
	pages = {165-172},
	year = {2000},
}

@Article{LiSNP:2013,
	Acmid = {{2462008}},
	Address = {{New York, NY, USA}},
	Articleno = {{49}},
	Doi = {{10.1145/2461912.2462008}},
	Issn = {{0730-0301}},
	Issue_date = {{July 2013}},
	Keywords = {{constrained simulation, eulerian simulation, faces, hands, physically-based simulation, skin}},
	__markedentry = {{[nathan:6]}},
	Month = {{jul}},
	Numpages = {{10}},
	Old_key = {{Li:2013:ThinSkin}},
	Owner = {{nathan}},
	Publisher = {{ACM}},
	Timestamp = {{2016.10.31}},
	author = {Li, Duo and Sueda, Shinjiro and Neog, Debanga R. and Pai, Dinesh K.},
	title = {{Thin Skin Elastodynamics}},
	journal = {{ACM Trans. Graph.}},
	volume = {32},
	number = {4},
	pages = {49-1},
	year = {2013},
}

@InProceedings{LindbT:2007,
	Acmid = {{1236307}},
	Doi = {{10.1145/1236246.1236307}},
	Isbn = {{978-1-59593-666-0}},
	Keywords = {{finite element models, haptic interaction, surgical simulation, topological changes}},
	Location = {{Beijing, China}},
	Numpages = {{9}},
	Old_key = {{lindblad:2007:realtimehaptic}},
	Owner = {{nathan}},
	Publisher = {{ACM}},
	Series = {{SPM ’07}},
	Timestamp = {{2016.08.09}},
	author = {Lindblad, Alex and Turkiyyah, George},
	title = {{A Physically-based Framework for Real-time Haptic Cutting and Interaction with 3D Continuum Models}},
	pages = {421-429},
	year = {2007},
}

@Article{LiuMHTD:2015,
	Old_key = {{Liu:2015:MVF}},
	Owner = {{nathan}},
	Timestamp = {{2016.08.09}},
	author = {Liu, Beibei and Mason, Gemma and Hodgson, Julian and Tong, Yiying and Desbrun, Mathieu},
	title = {{Model-reduced Variational Fluid Simulation}},
	journal = {{ACM Trans. Graph.}},
	volume = {34},
	number = {6},
	pages = {244-1},
	year = {2015},
}

@InProceedings{LongR:2009,
	BookTitle = {{Proceedings of the 2009 Symposium on Interactive 3D Graphics and Games}},
	Old_key = {{Long:2009:RFS}},
	Owner = {{nathan}},
	Series = {{I3D ’09}},
	Timestamp = {{2016.08.09}},
	author = {Long, Benjamin and Reinhard, Erik},
	title = {{Real-time Fluid Simulation Using Discrete Sine/Cosine Transforms}},
	pages = {99-106},
	year = {2009},
}

@Article{LorenC:1987,
	Old_key = {{Lorensen:1987:MCH}},
	Owner = {{nathan}},
	Timestamp = {{2016.08.09}},
	author = {Lorensen, William E. and Cline, Harvey E.},
	title = {{Marching Cubes: A High Resolution 3D Surface Construction Algorithm}},
	journal = {{SIGGRAPH}},
	volume = {21},
	number = {4},
	pages = {163-169},
	year = {1987},
}

@Article{LosasFO:2005,
	Old_key = {{Losasso:2005:SATLMIF}},
	Owner = {{nathan}},
	Timestamp = {{2016.08.09}},
	author = {Losasso, Frank and Fedkiw, Ronald and Osher, Stanley},
	title = {{Spatially adaptive techniques for level set methods and incompressible flow}},
	journal = {{Computers and Fluids}},
	volume = {35},
	pages = {2006},
	year = {2005},
}

@InProceedings{LosasGF:2004,
	Address = {{New York, NY, USA}},
	BookTitle = {{SIGGRAPH ’04: ACM SIGGRAPH 2004 Papers}},
	Doi = {{http://doi.acm.org/10.1145/1186562.1015745}},
	Location = {{Los Angeles, California}},
	Old_key = {{LGF04}},
	Owner = {{nathan}},
	Publisher = {{ACM}},
	Timestamp = {{2016.10.31}},
	author = {Losasso, F. and Gibou, F. and Fedkiw, R.},
	title = {{Simulating water and smoke with an octree data structure}},
	pages = {457-462},
	year = {2004},
}

@Article{LosasGF:2004b,
	Old_key = {{losasso:2004:octree}},
	Owner = {{nathan}},
	Timestamp = {{2016.10.31}},
	author = {Losasso, F. and Gibou, F. and Fedkiw, R.},
	title = {{Simulating Water and Smoke with an Octree Data Structure}},
	journal = {{ACM Trans. Graph. (SIGGRAPH Proc.)}},
	volume = {23},
	pages = {457-462},
	year = {2004},
}

@Article{LosasSSF:2006,
	Address = {{New York, NY, USA}},
	Doi = {{http://doi.acm.org/10.1145/1141911.1141960}},
	Issn = {{0730-0301}},
	Old_key = {{LTSF06}},
	Owner = {{nathan}},
	Publisher = {{ACM}},
	Timestamp = {{2016.10.31}},
	author = {Losasso, F. and Shinar, T. and Selle, A. and Fedkiw, R.},
	title = {{Multiple interacting liquids}},
	journal = {{ACM Trans. Graph.}},
	volume = {25},
	number = {3},
	pages = {812-819},
	year = {2006},
}

@Article{LosasTKF:2008,
	Old_key = {{Losasso:2008:TCS}},
	Owner = {{nathan}},
	Timestamp = {{2016.08.09}},
	author = {Losasso, Frank and Talton, Jerry and Kwatra, Nipun and Fedkiw, Ronald},
	title = {{Two-Way Coupled SPH and Particle Level Set Fluid Simulation}},
	journal = {{IEEE Transactions on Visualization and Computer Graphics}},
	volume = {14},
	number = {4},
	pages = {797-804},
	year = {2008},
}

@InProceedings{MuellDMJC:2002,
	BookTitle = {{ACM SIGGRAPH Symp. on Comput. Anim.}},
	Old_key = {{muller:2002:stablerealtimedefs}},
	Owner = {{nathan}},
	Timestamp = {{2016.10.31}},
	author = {Müller, M. and Dorsey, J. and McMillan, L. and Jagnow, R. and Cutler, B.},
	title = {{Stable Real-Time Deformations}},
	pages = {49-54},
	year = {2002},
}

@InProceedings{MuellG:2004,
	BookTitle = {{Graph. Interface}},
	Month = {{May}},
	Old_key = {{muller:2004:interactive}},
	Owner = {{nathan}},
	Timestamp = {{2016.10.31}},
	author = {Müller, M. and Gross, M.},
	title = {{Interactive Virtual Materials}},
	pages = {239-246},
	year = {2004},
}

@Article{MuellHHR:2007,
	Doi = {{10.1016/j.jvcir.2007.01.005}},
	Old_key = {{muller2007position}},
	Owner = {{nathan}},
	Publisher = {{Elsevier}},
	Timestamp = {{2016.08.09}},
	author = {Müller, Matthias and Heidelberger, Bruno and Hennix, Marcus and Ratcliff, John},
	title = {{Position based dynamics}},
	journal = {{Journal of Visual Communication and Image Representation}},
	volume = {18},
	number = {2},
	pages = {109-118},
	year = {2007},
}

@Article{MuellHTG:2005,
	Old_key = {{muller:2005:meshless}},
	Owner = {{nathan}},
	Timestamp = {{2016.10.31}},
	author = {Müller, M. and Heidelberger, B. and Teschner, M. and Gross, M.},
	title = {{Meshless Deformations Based On Shape Matching}},
	journal = {{ACM Trans. Graph. (SIGGRAPH Proc.)}},
	volume = {24},
	number = {3},
	pages = {471-478},
	year = {2005},
}

@InProceedings{MuellTG:2004,
	BookTitle = {{Proc. Computer Graphics International}},
	Month = {{June}},
	Old_key = {{muller:2004:objects}},
	Owner = {{nathan}},
	Timestamp = {{2016.10.31}},
	author = {Müller, M. and Teschner, M. and Gross, M.},
	title = {{Physically-Based simulation of Objects Represented by Surface Meshes}},
	pages = {156-165},
	year = {2004},
}

@InProceedings{MuellCG:2003,
	Acmid = {{846298}},
	Isbn = {{1-58113-659-5}},
	Location = {{San Diego, California}},
	Numpages = {{6}},
	Old_key = {{Muller:2003:PFS}},
	Owner = {{nathan}},
	Series = {{SCA ’03}},
	Timestamp = {{2016.08.09}},
	Url = {{http://dl.acm.org/citation.cfm?id=846276.846298}},
	author = {Müller, Matthias and Charypar, David and Gross, Markus},
	title = {{Particle-based Fluid Simulation for Interactive Applications}},
	pages = {154-159},
	year = {2003},
}

@InProceedings{MuellCKM:2014,
	Acmid = {{2849542}},
	Address = {{Aire-la-Ville, Switzerland, Switzerland}},
	BookTitle = {{SCA ’14}},
	Location = {{Copenhagen, Denmark}},
	Numpages = {{9}},
	Old_key = {{Muller:2015:Strain}},
	Owner = {{nathan}},
	Publisher = {{Eurographics Association}},
	Series = {{SCA ’14}},
	Timestamp = {{2016.08.09}},
	Url = {{http://dl.acm.org/citation.cfm?id=2849517.2849542}},
	author = {Müller, Matthias and Chentanez, Nuttapong and Kim, Tae-Yong and Macklin, Miles},
	title = {{Strain Based Dynamics}},
	pages = {149-157},
	year = {2014},
}

@Article{MuellHHR:2007b,
	Acmid = {{1234575}},
	Address = {{Orlando, FL, USA}},
	Doi = {{10.1016/j.jvcir.2007.01.005}},
	Issn = {{1047-3203}},
	Issue_date = {{April, 2007}},
	Keywords = {{Cloth simulation, Game physics, Integration schemes, Physically based simulation}},
	Month = {{apr}},
	Numpages = {{10}},
	Old_key = {{Muller:2007:Position}},
	Owner = {{nathan}},
	Publisher = {{Academic Press, Inc.}},
	Timestamp = {{2016.08.09}},
	author = {Müller, Matthias and Heidelberger, Bruno and Hennix, Marcus and Ratcliff, John},
	title = {{Position Based Dynamics}},
	journal = {{J. Vis. Comun. Image Represent.}},
	volume = {18},
	number = {2},
	pages = {109-118},
	year = {2007},
}

@Article{MacklM:2013,
	Old_key = {{Macklin:2013:PBF}},
	Owner = {{nathan}},
	Timestamp = {{2016.08.09}},
	author = {Macklin, Miles and Müller, Matthias},
	title = {{Position Based Fluids}},
	journal = {{ACM Trans. Graph.}},
	volume = {32},
	number = {4},
	pages = {104-1},
	year = {2013},
}

@Article{MacklMCK:2014,
	Old_key = {{Macklin:2014:UPP}},
	Owner = {{nathan}},
	Timestamp = {{2016.08.09}},
	author = {Macklin, Miles and Müller, Matthias and Chentanez, Nuttapong and Kim, Tae-Yong},
	title = {{Unified Particle Physics for Real-time Applications}},
	journal = {{ACM Trans. Graph.}},
	volume = {33},
	number = {4},
	pages = {153-1},
	year = {2014},
}

@InProceedings{MagneLT:1988,
	Acmid = {{102317}},
	Location = {{Edmonton, Alberta, Canada}},
	Numpages = {{8}},
	Old_key = {{Magnenat-Thalmann:1989:JLD:102313.102317}},
	Owner = {{nathan}},
	Publisher = {{Canadian Information Processing Society}},
	Timestamp = {{2016.08.09}},
	Url = {{http://dl.acm.org/citation.cfm?id=102313.102317}},
	author = {Magnenat-Thalmann, N. and Laperrière, R. and Thalmann, D.},
	title = {{Joint-dependent Local Deformations for Hand Animation and Object Grasping}},
	pages = {26-33},
	year = {1988},
}

@InCollection{MarchADC:2008,
	Abstract = {{Computational techniques for the analysis of mechanical problems have recently moved from traditional engineering disciplines to biomedical simulations. Thus, the number of complex models describing the mechanical behavior of medical environments have increased these last years. While the development of advanced computational tools has led to interesting modeling algorithms, the relevances of these models are often criticized due to incomplete model verification and validation. The objective of this paper is to propose a framework and a methodology for assessing deformable models. This proposal aims at providing tools for testing the behavior of new modeling algorithms proposed in the context of medical simulation. Initial validation results comparing different modeling methods are reported as a first step towards a more complete validation framework and methodology.}},
	Affiliation = {{Techniques de l’Ingénierie Médicale et de la Complexité - Informatique, Mathématiques et Applications, Grenoble - TIMC-IMAG , SHACRA - INRIA Lille - Nord Europe / INRIA Nancy - Grand Est / LIFL , Laboratoire d’Informatique Fondamentale de Lille - LIFL}},
	Audience = {{internationale }},
	BookTitle = {{ISBMS ’08}},
	Chapter = {{Lecture Notes in Computer Science }},
	Doi = {{10.1007/978-3-540-70521-5\_19 }},
	Editor = {Fernando Bello, Philip J.  Edwards},
	Hal_id = {{hal-00841569}},
	Isbn = {{978-3-540-70521-5 }},
	Language = {{Anglais}},
	Old_key = {{marchal:2008:framework}},
	Owner = {{nathan}},
	Publisher = {{Springer Berlin Heidelberg}},
	Timestamp = {{2016.08.09}},
	author = {Marchal, Maud and Allard, Jérémie and Duriez, Christian and Cotin, Stéphane},
	title = {{Towards a Framework for Assessing Deformable Models in Medical Simulation}},
	volume = {5104},
	pages = {176-184},
	year = {2008},
}

@Article{McAdaSWST:2009,
	Old_key = {{McAdams:2009:DPC}},
	Owner = {{nathan}},
	Timestamp = {{2016.08.09}},
	author = {McAdams, Aleka and Selle, Andrew and Ward, Kelly and Sifakis, Eftychios and Teran, Joseph},
	title = {{Detail Preserving Continuum Simulation of Straight Hair}},
	journal = {{ACM Trans. Graph.}},
	volume = {28},
	number = {3},
	pages = {62-1},
	year = {2009},
}

@InProceedings{McAdaST:2010,
	BookTitle = {{Proceedings of the 2010 ACM SIGGRAPH/Eurographics Symposium on Computer Animation}},
	Old_key = {{McAdams:2010:PMP:1921427.1921438}},
	author = {McAdams, A. and Sifakis, E. and Teran, J.},
	title = {{A parallel multigrid Poisson solver for fluids simulation on large grids}},
	pages = {65-74},
	year = {2010},
}

@Article{McAdaZSETTS:2011,
	Acmid = {{1964932}},
	Articleno = {{37}},
	Doi = {{10.1145/2010324.1964932}},
	Issn = {{0730-0301}},
	Issue_date = {{July 2011}},
	Keywords = {{corotated elasticity, elastic deformations, physics-based modeling, skinning}},
	Month = {{jul}},
	Numpages = {{12}},
	Old_key = {{mcadams:2011:skinningcollisions}},
	Owner = {{nathan}},
	Publisher = {{ACM}},
	Timestamp = {{2016.08.09}},
	author = {McAdams, Aleka and Zhu, Yongning and Selle, Andrew and Empey, Mark and Tamstorf, Rasmus and Teran, Joseph and Sifakis, Eftychios},
	title = {{Efficient Elasticity for Character Skinning with Contact and Collisions}},
	journal = {{ACM Trans. Graph.}},
	volume = {30},
	number = {4},
	pages = {37-1},
	year = {2011},
}

@Article{McAdaZSETTS:2011b,
	Old_key = {{mcadams2011efficient}},
	Publisher = {{ACM}},
	author = {McAdams, A. and Zhu, Y. and Selle, A. and Empey, M. and Tamstorf, R. and Teran, J. and Sifakis, E.},
	title = {{Efficient elasticity for character skinning with contact and collisions}},
	journal = {{ACM Transactions on Graphics (SIGGRAPH Proceedings)}},
	volume = {30},
	number = {4},
	pages = {37},
	year = {2011},
}

@Article{McNamTPS:2004,
	Address = {{New York, NY, USA}},
	Doi = {{http://doi.acm.org/10.1145/1015706.1015744}},
	Issn = {{0730-0301}},
	Old_key = {{MTPS04}},
	Owner = {{nathan}},
	Publisher = {{ACM}},
	Timestamp = {{2016.10.31}},
	author = {McNamara, A. and Treuille, A. and Popović, Z. and Stam, J.},
	title = {{Fluid control using the adjoint method}},
	journal = {{ACM Trans. Graph.}},
	volume = {23},
	number = {3},
	pages = {449-456},
	year = {2004},
}

@InProceedings{MendoL:2003,
	Author:corp = {{IEEE}},
	Old_key = {{mendoza:2003:simulating}},
	Owner = {{nathan}},
	Series = {{ICRA ’03}},
	Timestamp = {{2016.08.09}},
	author = {Mendoza, Cesar and Laugier, Christian},
	title = {{Simulating Soft Tissue Cutting using Finite Element Models}},
	volume = {1},
	pages = {1109-1114},
	year = {2003},
}

@Article{MitchCS:2015,
	Address = {{New York, NY, USA}},
	Doi = {{10.1145/2766918}},
	Issue_date = {{July 2015}},
	Month = {{july}},
	Old_key = {{Mitchell:2015:GRIDiron}},
	Owner = {{nathan}},
	Publisher = {{ACM}},
	Timestamp = {{2016.08.09}},
	author = {Mitchell, Nathan and Cutting, Court and Sifakis, Eftychios},
	title = {{ GRIDiron: An Interactive Authoring and Cognitive Training Foundation for Reconstructive Plastic Surgery Procedures}},
	journal = {{ACM Trans. Graph.}},
	year = {2015},
}

@Article{MoeesDB:1999,
	Old_key = {{Moes:1999:XFEM}},
	Owner = {{nathan}},
	Timestamp = {{2016.08.09}},
	author = {Moës, Nicolas and Dolbow, John and Belytschko, Ted},
	title = {{A finite element method for crack growth without remeshing}},
	journal = {{IJNME}},
	volume = {46},
	pages = {131-150},
	year = {1999},
}

@Article{MohrG:2003,
	Acmid = {{882308}},
	Doi = {{10.1145/882262.882308}},
	Issn = {{0730-0301}},
	Issue_date = {{July 2003}},
	Keywords = {{approximation, interactive, skin}},
	Month = {{jul}},
	Numpages = {{7}},
	Old_key = {{Mohr:2003:BEA:882262.882308}},
	Owner = {{nathan}},
	Publisher = {{ACM}},
	Timestamp = {{2016.08.09}},
	author = {Mohr, Alex and Gleicher, Michael},
	title = {{Building Efficient, Accurate Character Skins from Examples}},
	journal = {{ACM Trans. Graph.}},
	volume = {22},
	number = {3},
	pages = {562-568},
	year = {2003},
}

@InProceedings{MolemCPN:2008,
	Acmid = {{1632595}},
	Address = {{Aire-la-Ville, Switzerland}},
	BookTitle = {{Proceedings of the 2008 ACM SIGGRAPH/Eurographics Symposium on Computer Animation}},
	Isbn = {{978-3-905674-10-1}},
	Location = {{Dublin, Ireland}},
	Numpages = {{10}},
	Old_key = {{Molemaker:2008:LowViscosityFlow}},
	Owner = {{nathan}},
	Publisher = {{Eurographics Association}},
	Series = {{SCA ’08}},
	Timestamp = {{2016.08.09}},
	Url = {{http://dl.acm.org/citation.cfm?id=1632592.1632595}},
	author = {Molemaker, Jeroen and Cohen, Jonathan M. and Patel, Sanjit and Noh, Jonyong},
	title = {{Low Viscosity Flow Simulations for Animation}},
	pages = {9-18},
	year = {2008},
}

@Article{MolinBF:2004,
	Acmid = {{1015734}},
	Doi = {{10.1145/1015706.1015734}},
	Issn = {{0730-0301}},
	Issue_date = {{August 2004}},
	Keywords = {{changing mesh topology, finite elements, fracture, sculpting, virtual surgery}},
	Month = {{aug}},
	Numpages = {{8}},
	Old_key = {{molino:2004:virtualnode}},
	Owner = {{nathan}},
	Publisher = {{ACM}},
	Timestamp = {{2016.08.09}},
	author = {Molino, Neil and Bao, Zhaosheng and Fedkiw, Ron},
	title = {{A Virtual Node Algorithm for Changing Mesh Topology During Simulation}},
	journal = {{ACM Trans. Graph.}},
	volume = {23},
	number = {3},
	pages = {385-392},
	year = {2004},
}

@InProceedings{MosegS:2006,
	BookTitle = {{SIGGRAPH 2006 Sketches & Applications}},
	Old_key = {{mosegaard:2006:surgical}},
	Owner = {{nathan}},
	Publisher = {{ACM Press}},
	Timestamp = {{2016.10.31}},
	author = {Mosegaard, J. and Sørensen, T. S.},
	title = {{Technical Aspects of the GPU Accelerated Surgical Simulator}},
	year = {2006},
}

@Article{MulleCPTD:2009,
	Address = {{New York, NY, USA}},
	Doi = {{http://doi.acm.org/10.1145/1531326.1531344}},
	Issn = {{0730-0301}},
	Old_key = {{MCPTD09}},
	Owner = {{nathan}},
	Publisher = {{ACM}},
	Timestamp = {{2016.10.31}},
	author = {Mullen, P. and Crane, K. and Pavlov, D. and Tong, Y. and Desbrun, M.},
	title = {{Energy-preserving integrators for fluid animation}},
	journal = {{ACM Trans. Graph.}},
	volume = {28},
	number = {3},
	pages = {1-8},
	year = {2009},
}

@InProceedings{MulleTG:2004,
	Old_key = {{Muller:2004:PSO}},
	Owner = {{nathan}},
	Series = {{CGI ’04}},
	Timestamp = {{2016.08.09}},
	author = {Muller, Matthias and Teschner, Matthias and Gross, Markus},
	title = {{Physically-Based Simulation of Objects Represented by Surface Meshes}},
	pages = {26-33},
	year = {2004},
}

@Article{Muset:2013,
	Acmid = {{2487235}},
	Address = {{New York, NY, USA}},
	Articleno = {{27}},
	Doi = {{10.1145/2487228.2487235}},
	Issn = {{0730-0301}},
	Issue_date = {{June 2013}},
	Keywords = {{Volumes, fluid animation, implicit surfaces, level sets}},
	Month = {{jul}},
	Numpages = {{22}},
	Old_key = {{Museth:2013:VDB}},
	Owner = {{nathan}},
	Publisher = {{ACM}},
	Timestamp = {{2016.08.09}},
	Url = {{http://doi.acm.org/10.1145/2487228.2487235}},
	author = {Museth, Ken},
	title = {{VDB: High-resolution Sparse Volumes with Dynamic Topology}},
	journal = {{ACM Trans. Graph.}},
	volume = {32},
	number = {3},
	pages = {27-1},
	year = {2013},
}

@InProceedings{Muset:2011,
	Acmid = {{2037894}},
	Articleno = {{51}},
	Doi = {{10.1145/2037826.2037894}},
	Isbn = {{978-1-4503-0974-5}},
	Location = {{Vancouver, British Columbia, Canada}},
	Numpages = {{1}},
	Old_key = {{Museth:2011:DBGrid}},
	Owner = {{nathan}},
	Series = {{SIGGRAPH ’11}},
	Timestamp = {{2016.08.09}},
	Url = {{http://doi.acm.org/10.1145/2037826.2037894}},
	author = {Museth, Ken},
	title = {{DB+Grid: A Novel Dynamic Blocked Grid for Sparse High-resolution Volumes and Level Sets}},
	year = {2011},
}

@InProceedings{MusetBWB:2002,
	BookTitle = {{ACM TOG}},
	Old_key = {{Museth:2002:levelset}},
	Owner = {{nathan}},
	Timestamp = {{2016.08.09}},
	author = {Museth, Ken and Breen, David and Whitaker, Ross and Barr, Alan},
	title = {{Level Set Surface Editing Operators}},
	pages = {330-338},
	year = {2002},
}

@Article{NesmeFP:2006,
	Month = {{july}},
	Old_key = {{nesme:2006:fem}},
	Owner = {{nathan}},
	Timestamp = {{2016.10.31}},
	Url = {{http://www-evasion.imag.fr/Publications/2006/NFP06b}},
	author = {Nesme, Matthieu and Faure, François and Payan, Yohan},
	title = {{Hierarchical Multi-Resolution Finite Element Model for Soft Body Simulation}},
	journal = {{Lecture Notes in Computer Science}},
	volume = {4072},
	pages = {40-47},
	year = {2006},
}

@InProceedings{NesmeKJF:2009,
	BookTitle = {{ACM Transactions on Graphics (SIGGRAPH Proceedings)}},
	Old_key = {{nesme2009preserving}},
	author = {Nesme, M. and Kry, P. G. and JeŖábková, L. and Faure, F.},
	title = {{Preserving topology and elasticity for embedded deformable models}},
	volume = {28},
	number = {3},
	pages = {52},
	year = {2009},
}

@Article{NesmeKJF:2009b,
	Acmid = {{1531358}},
	Articleno = {{52}},
	Doi = {{10.1145/1531326.1531358}},
	Issn = {{0730-0301}},
	Issue_date = {{August 2009}},
	Keywords = {{animation, embedded deformation, finite element method, heterogeneous materials, simulation}},
	Month = {{jul}},
	Numpages = {{9}},
	Old_key = {{nesme:2009:topology}},
	Owner = {{nathan}},
	Publisher = {{ACM}},
	Timestamp = {{2016.08.09}},
	author = {Nesme, Matthieu and Kry, Paul G. and JeŖábková, Lenka and Faure, François},
	title = {{Preserving Topology and Elasticity for Embedded Deformable Models}},
	journal = {{ACM Trans. Graph.}},
	volume = {28},
	number = {3},
	pages = {52-1},
	year = {2009},
}

@InProceedings{NesmePF:2006,
	Address = {{Madrid}},
	Bibkey = {{Deformable objects}},
	BookTitle = {{Eurographics Workshop in Virtual Reality Interaction and Physical Simulation (VRIPHYS)}},
	Keywords = {{physically based dynamics deformable objects finite element animation}},
	Month = {{nov}},
	Old_key = {{NPF06}},
	Url = {{http://www-evasion.imag.fr/Publications/2006/NPF06}},
	author = {Nesme, Matthieu and Payan, Yohan and Faure, François},
	title = {{Animating Shapes at Arbitrary Resolution with Non-Uniform Stiffness}},
	year = {2006},
}

@Article{NgMG:2009,
	Old_key = {{ng2009efficient}},
	Owner = {{nathan}},
	Publisher = {{Elsevier}},
	Timestamp = {{2016.08.09}},
	author = {Ng, Yen Ting and Min, Chohong and Gibou, Frédéric},
	title = {{An efficient fluid–solid coupling algorithm for single-phase flows}},
	journal = {{Journal of Computational Physics}},
	volume = {228},
	number = {23},
	pages = {8807-8829},
	year = {2009},
}

@Article{NiGH:2004,
	Old_key = {{ni:2004:multigrid}},
	Owner = {{nathan}},
	Publisher = {{ACM New York, NY, USA}},
	Timestamp = {{2016.10.31}},
	author = {Ni, X. and Garland, M. and Hart, J. C.},
	title = {{Fair Morse functions for extracting the topological structure of a surface mesh}},
	journal = {{ACM Transactions on Graphics (TOG)}},
	volume = {23},
	number = {3},
	pages = {613-622},
	year = {2004},
}

@InProceedings{NielsB:2011,
	Acmid = {{1964978}},
	Articleno = {{83}},
	Doi = {{10.1145/1964921.1964978}},
	Isbn = {{978-1-4503-0943-1}},
	Keywords = {{animation, constructive solid geometry, fluid modeling, fluid simulation, physically based animation}},
	Location = {{Vancouver, British Columbia, Canada}},
	Numpages = {{8}},
	Old_key = {{Nielsen:2011:GuideShapes}},
	Owner = {{nathan}},
	Series = {{SIGGRAPH ’11}},
	Timestamp = {{2016.08.09}},
	Url = {{http://doi.acm.org/10.1145/1964921.1964978}},
	author = {Nielsen, Michael and Bridson, Robert},
	title = {{Guide Shapes for High Resolution Naturalistic Liquid Simulation}},
	pages = {1-8},
	year = {2011},
}

@Article{NielsM:2006,
	Acmid = {{1132035}},
	Address = {{New York, NY, USA}},
	Doi = {{10.1007/s10915-005-9062-8}},
	Issn = {{0885-7474}},
	Issue_date = {{March 2006}},
	Keywords = {{Interface tracking, compact model representations, deformable surfaces, level sets, partial differential equations}},
	Month = {{mar}},
	Numpages = {{39}},
	Old_key = {{Nielsen:2006:Tubular}},
	Owner = {{nathan}},
	Publisher = {{Plenum Press}},
	Timestamp = {{2016.08.09}},
	Url = {{http://dx.doi.org/10.1007/s10915-005-9062-8}},
	author = {Nielsen, Michael B. and Museth, Ken},
	title = {{Dynamic Tubular Grid: An Efficient Data Structure and Algorithms for High Resolution Level Sets}},
	journal = {{J. Sci. Comput.}},
	volume = {26},
	number = {3},
	pages = {261-299},
	year = {2006},
}

@Article{NielsNSM:2007,
	Acmid = {{1289607}},
	Address = {{New York, NY, USA}},
	Articleno = {{16}},
	Doi = {{10.1145/1289603.1289607}},
	Issn = {{0730-0301}},
	Issue_date = {{October 2007}},
	Keywords = {{Level set methods, adaptive distance fields, compression, computational fluid dynamics, deformable surfaces, geometric modeling, implicit surfaces, mesh scan conversion, morphology, out-of-core, shape, streaming}},
	Month = {{oct}},
	Old_key = {{Nielsen:2007:CompressedLevelSet}},
	Owner = {{nathan}},
	Publisher = {{ACM}},
	Timestamp = {{2016.08.09}},
	Url = {{http://doi.acm.org/10.1145/1289603.1289607}},
	author = {Nielsen, Michael B. and Nilsson, Ola and Söderström, Andreas and Museth, Ken},
	title = {{Out-of-core and Compressed Level Set Methods}},
	journal = {{ACM Trans. Graph.}},
	volume = {26},
	number = {4},
	year = {2007},
}

@InProceedings{NienhS:2001,
	Author:corp = {{Springer}},
	Old_key = {{nienhuys:2001:surgery}},
	Owner = {{nathan}},
	Series = {{MICCAI ’01}},
	Timestamp = {{2016.08.09}},
	author = {Nienhuys, Han-Wen and van der Stappen, A. Frank},
	title = {{A Surgery Simulation Supporting Cuts and Finite Element Deformation}},
	pages = {145-152},
	year = {2001},
}

@InProceedings{OBriH:1999,
	BookTitle = {{Proc. of SIGGRAPH 1999}},
	Doi = {{10.1145/311535.311550}},
	Old_key = {{O’Brien:1999:GMA}},
	Owner = {{nathan}},
	Timestamp = {{2016.08.09}},
	author = {O’Brien, J. and Hodgins, J.},
	title = {{Graphical Modeling and Animation of Brittle Fracture}},
	pages = {137-146},
	year = {1999},
}

@Article{OlshaTV:2013,
	Old_key = {{Olshanskii:2013:OESLD}},
	Owner = {{nathan}},
	Timestamp = {{2016.08.09}},
	author = {Olshanskii, Maxim A. and Terekhov, Kirill M. and Vassilevski, Yuri V.},
	title = {{An octree-based solver for the incompressible Navier-Stokes equations with enhanced stability and low dissipation }},
	journal = {{Computers and Fluids }},
	volume = {84},
	number = {0},
	pages = {231-246},
	year = {2013},
}

@Book{OsherF:2002,
	Old_key = {{Osher:2002:LevelSets}},
	Owner = {{nathan}},
	Publisher = {{Springer}},
	Timestamp = {{2016.08.09}},
	author = {Osher, Stanley and Fedkiw, Ronald},
	title = {{Level Set Methods and Dynamic Implicit Surfaces}},
	year = {2002},
}

@Article{OsherS:1988,
	Old_key = {{osher:1988:originallevelset}},
	Owner = {{nathan}},
	Timestamp = {{2016.08.09}},
	author = {Osher, S. and Sethian, J.},
	title = {{Fronts Propagating with Curvature-Dependent Speed: Algorithms Based on Hamilton-Jacobi Formulations}},
	journal = {{J. Comput. Phys.}},
	volume = {79},
	pages = {12-49},
	year = {1988},
}

@InProceedings{OtaduGRG:2007,
	BookTitle = {{SCA ’07: Proceedings of the 2007 ACM SIGGRAPH/Eurographics symposium on Computer animation}},
	Old_key = {{otaduy:2007:adaptive}},
	Owner = {{nathan}},
	Timestamp = {{2016.10.31}},
	author = {Otaduy, M. A. and Germann, D. and Redon, S. and Gross, M.},
	title = {{Adaptive Deformations with Fast Tight Bounds}},
	pages = {181-190},
	year = {2007},
}

@Article{ParkLKOH:2006,
	Month = {{mar\slash apr}},
	Old_key = {{Park:2006:DSI}},
	author = {Park, S. W. and Linsen, L. and Kreylos, O. and Owens, J. D. and Hamann, B.},
	title = {{Discrete Sibson interpolation}},
	journal = {{IEEE Transactions on Visualization and Computer Graphics}},
	volume = {12},
	number = {2},
	pages = {243-253},
	year = {2006},
}

@Book{ParkeW:1996,
	Old_key = {{parke:1996:CFA}},
	Publisher = {{A. K. Peters}},
	author = {Parke, Frederic I. and Waters, Keith},
	title = {{Computer Facial Animation}},
	year = {1996},
}

@InProceedings{PatelCCP:2005,
	Acmid = {{1187280}},
	Articleno = {{139}},
	Doi = {{10.1145/1187112.1187280}},
	Location = {{Los Angeles, California}},
	Old_key = {{patel:2005:disjoint}},
	Owner = {{nathan}},
	Series = {{SIGGRAPH ’05}},
	Timestamp = {{2016.08.09}},
	Url = {{http://doi.acm.org/10.1145/1187112.1187280}},
	author = {Patel, Sanjit and Chu, Anson and Cohen, Jonathan and Pighin, Frederic},
	title = {{Fluid simulation via disjoint translating grids}},
	year = {2005},
}

@InProceedings{PatkaAKF:2013,
	BookTitle = {{Symp. on Comput. Anim.}},
	Old_key = {{patkar:2013:hybrid}},
	Owner = {{nathan}},
	Timestamp = {{2016.08.09}},
	author = {Patkar, Saket and Aanjaneya, Mridul and Karpman, Dmitriy and Fedkiw, Ronald},
	title = {{A Hybrid Lagrangian-Eulerian Formation for Bubble Generation and Dynamics}},
	pages = {105-114},
	year = {2013},
}

@Article{PatteMS:2012,
	Acmid = {{2366216}},
	Articleno = {{197}},
	Doi = {{10.1145/2366145.2366216}},
	Issn = {{0730-0301}},
	Issue_date = {{November 2012}},
	Keywords = {{cut-cell methods, incompressibility, nonlinear elasticity}},
	Month = {{nov}},
	Numpages = {{10}},
	Old_key = {{Patterson:2012:nonlinear}},
	Owner = {{nathan}},
	Publisher = {{ACM}},
	Timestamp = {{2016.08.09}},
	author = {Patterson, Taylor and Mitchell, Nathan and Sifakis, Eftychios},
	title = {{Simulation of Complex Nonlinear Elastic Bodies Using Lattice Deformers}},
	journal = {{ACM Trans. Graph.}},
	volume = {31},
	number = {6},
	pages = {197-1},
	year = {2012},
}

@Article{PellaVLMLW:2005,
	Month = {{aug}},
	Old_key = {{Pellacini:2005:LAH}},
	author = {Pellacini, Fabio and Vidimče, Kiril and Lefohn, Aaron and Mohr, Alex and Leone, Mark and Warren, John},
	title = {{Lpics: a Hybrid Hardware-Accelerated Relighting Engine for Computer Cinematography}},
	journal = {{ACM Transactions on Graphics}},
	volume = {24},
	number = {3},
	pages = {464-470},
	year = {2005},
}

@Article{PicinDA:2003,
	Old_key = {{picinbono:2003:nonlinear}},
	Owner = {{nathan}},
	Publisher = {{Elsevier}},
	Timestamp = {{2016.08.09}},
	author = {Picinbono, Guillaume and Delingette, Hervé and Ayache, Nicholas},
	title = {{Non-linear anisotropic elasticity for real-time surgery simulation}},
	journal = {{Graphical Models}},
	volume = {65},
	number = {5},
	pages = {305-321},
	year = {2003},
}

@Article{PiepeLR:1995,
	Old_key = {{pieper1995finite}},
	Owner = {{nathan}},
	Publisher = {{LWW}},
	Timestamp = {{2016.08.09}},
	author = {Pieper, Steven D. and Laub Jr, Donald R. and Rosen, Joseph M.},
	title = {{A Finite-Element Facial Model for Simulating Plastic Surgery.}},
	journal = {{Plastic and Reconstructive Surgery}},
	volume = {96},
	number = {5},
	pages = {1100-1105},
	year = {1995},
}

@InProceedings{PremoTBLW:2003,
	BookTitle = {{Comp. Graph. Forum (Eurographics Proc.)}},
	Old_key = {{premoze:2003:particlefluids}},
	Owner = {{nathan}},
	Timestamp = {{2016.08.09}},
	author = {Premoze, S. and Tasdizen, T. and Bigler, J. and Lefohn, A. and Whitaker, R.},
	title = {{Particle–Based Simulation of Fluids}},
	volume = {22},
	number = {3},
	pages = {401-410},
	year = {2003},
}

@Article{QiuLF:2016,
	Old_key = {{Qiu:2016:chimera}},
	Owner = {{nathan}},
	Timestamp = {{2016.08.09}},
	author = {Qiu, Linhai and Lu, Wenlong and Fedkiw, Ronald},
	title = {{An adaptive discretization of compressible flow using a multitude of moving Cartesian grids }},
	journal = {{Journal of Computational Physics }},
	volume = {305},
	pages = {75-110},
	year = {2016},
}

@Book{QuartV:1999,
	Old_key = {{quarteroni1999domain}},
	Owner = {{nathan}},
	Publisher = {{Clarendon Press}},
	Timestamp = {{2016.10.31}},
	author = {Quarteroni, A. and Valli, A.},
	title = {{Domain decomposition methods for partial differential equations}},
	volume = {10},
	year = {1999},
}

@InProceedings{RasmuENMSGHF:2004,
	Old_key = {{Rasmussen:2004:DPL}},
	Owner = {{nathan}},
	Series = {{SCA ’04}},
	Timestamp = {{2016.08.09}},
	author = {Rasmussen, N. and Enright, D. and Nguyen, D. and Marino, S. and Sumner, N. and Geiger, W. and Hoon, S. and Fedkiw, R.},
	title = {{Directable Photorealistic Liquids}},
	pages = {193-202},
	year = {2004},
}

@Article{RasmuNGF:2003,
	__markedentry = {{[nathan:]}},
	Old_key = {{Rasmussen:2003:SSL}},
	Owner = {{nathan}},
	Timestamp = {{2016.10.31}},
	author = {Rasmussen, Nick and Nguyen, Duc Quang and Geiger, Willi and Fedkiw, Ronald},
	title = {{Smoke Simulation for Large Scale Phenomena}},
	journal = {{ACM Trans. Graph.}},
	volume = {22},
	number = {3},
	pages = {703-707},
	year = {2003},
}

@InProceedings{RaveeTWT:2012,
	__markedentry = {{[nathan:]}},
	Old_key = {{Raveendran:2012:CLU}},
	Owner = {{nathan}},
	Series = {{SCA ’12}},
	Timestamp = {{2016.10.31}},
	author = {Raveendran, Karthik and Thuerey, Nils and Wojtan, Chris and Turk, Greg},
	title = {{Controlling Liquids Using Meshes}},
	pages = {255-264},
	year = {2012},
}

@InProceedings{RaveeWT:2011,
	Old_key = {{Raveendran:2011:HSP}},
	Owner = {{nathan}},
	Series = {{SCA ’11}},
	Timestamp = {{2016.08.09}},
	author = {Raveendran, Karthik and Wojtan, Chris and Turk, Greg},
	title = {{Hybrid Smoothed Particle Hydrodynamics}},
	pages = {33-42},
	year = {2011},
}

@Article{RiverJ:2007,
	Doi = {{10.1145/1275808.1276480}},
	Old_key = {{Rivers2007}},
	Owner = {{nathan}},
	Timestamp = {{2016.08.09}},
	author = {Rivers, A. R. and James, D. L.},
	title = {{ FastLSM: Fast lattice shape matching for robust real-time deformation}},
	journal = {{ACM Trans. on Graphics (SIGGRAPH Proc.)}},
	volume = {26},
	number = {3},
	year = {2007},
}

@Article{RiverJ:2007b,
	Old_key = {{rivers:2007:fastlsm}},
	Owner = {{nathan}},
	Timestamp = {{2016.10.31}},
	author = {Rivers, A. R. and James, D. L.},
	title = {{FastLSM: fast lattice shape matching for robust real-time deformation}},
	journal = {{ACM Transactions on Graphics (SIGGRAPH Proc.)}},
	volume = {26},
	number = {3},
	year = {2007},
}

@Article{RobinSGSF:2008,
	Address = {{New York, NY, USA}},
	Doi = {{http://doi.acm.org/10.1145/1360612.1360645}},
	Issn = {{0730-0301}},
	Old_key = {{RSGSR08}},
	Owner = {{nathan}},
	Publisher = {{ACM}},
	Timestamp = {{2016.10.31}},
	author = {Robinson-Mosher, A. and Shinar, T. and Gretarsson, J. and Su, J. and Fedkiw, R.},
	title = {{Two-way coupling of fluids to rigid and deformable solids and shells}},
	journal = {{ACM Trans. Graph.}},
	volume = {27},
	number = {3},
	pages = {1-9},
	year = {2008},
}

@Article{Rycro:2009,
	Old_key = {{rycroft2009voro++}},
	Owner = {{nathan}},
	Timestamp = {{2016.08.09}},
	author = {Rycroft, Chris},
	title = {{Voro++: A three-dimensional Voronoi cell library in C++}},
	journal = {{Lawrence Berkeley National Laboratory}},
	year = {2009},
}

@Article{SachtJPSS:2013,
	__markedentry = {{[nathan:]}},
	Old_key = {{Sacht:2013:SIV}},
	Owner = {{nathan}},
	Timestamp = {{2016.10.31}},
	author = {Sacht, Leonardo and Jacobson, Alec and Panozzo, Daniele and Schüller, Christian and Sorkine-Hornung, Olga},
	title = {{Consistent Volumetric Discretizations Inside Self-Intersecting Surfaces}},
	journal = {{Computer Graphics Forum}},
	volume = {32},
	number = {5},
	pages = {147-156},
	year = {2013},
}

@Article{SakoF:2000,
	Old_key = {{sako:2001:SSB}},
	Publisher = {{Springer-Verlag}},
	author = {Sako, Yusaku and Fujimura, Kikuo},
	title = {{Shape Similarity by Homotropic Deformation}},
	journal = {{The Visual Computer}},
	volume = {16},
	number = {1},
	pages = {47-61},
	year = {2000},
}

@Article{SchenBR:2008,
	Old_key = {{pardiso2}},
	Owner = {{nathan}},
	Timestamp = {{2016.08.09}},
	author = {Schenk, Olaf and Bollhöfer, Matthias and Römer, Rudolf A.},
	title = {{On Large-Scale Diagonalization Techniques for the Anderson Model of Localization}},
	journal = {{SIAM Rev.}},
	volume = {50},
	number = {1},
	pages = {91-112},
	year = {2008},
}

@Article{SchenWH:2007,
	Old_key = {{pardiso3}},
	Owner = {{nathan}},
	Timestamp = {{2016.08.09}},
	author = {Schenk, Olaf and Wächter, Andreas and Hagemann, Michael},
	title = {{Matching-based preprocessing algorithms to the solution of saddle-point problems in large-scale nonconvex interior-point optimization}},
	journal = {{Computational Optimization and Applications}},
	volume = {36},
	number = {2-3},
	pages = {321-341},
	year = {2007},
}

@Article{SelleFKLR:2008,
	Acmid = {{1401764}},
	Address = {{New York, NY, USA}},
	Doi = {{10.1007/s10915-007-9166-4}},
	Issn = {{0885-7474}},
	Issue_date = {{June 2008}},
	Keywords = {{Advection, CIR, MacCormak, Second order, Semi-Lagrangian}},
	__markedentry = {{[nathan:]}},
	Month = {{jun}},
	Numpages = {{22}},
	Old_key = {{Selle:2008:MacCormack}},
	Owner = {{nathan}},
	Publisher = {{Plenum Press}},
	Timestamp = {{2016.10.31}},
	Url = {{http://dx.doi.org/10.1007/s10915-007-9166-4}},
	author = {Selle, Andrew and Fedkiw, Ronald and Kim, Byungmoon and Liu, Yingjie and Rossignac, Jarek},
	title = {{An Unconditionally Stable MacCormack Method}},
	journal = {{J. Sci. Comput.}},
	volume = {35},
	number = {2-3},
	pages = {350-371},
	year = {2008},
}

@Article{SelleLF:2008,
	Old_key = {{Selle:2008:MSM}},
	Owner = {{nathan}},
	Timestamp = {{2016.08.09}},
	author = {Selle, Andrew and Lentine, Michael and Fedkiw, Ronald},
	title = {{A Mass Spring Model for Hair Simulation}},
	journal = {{ACM TOG}},
	volume = {27},
	number = {3},
	pages = {64-1},
	year = {2008},
}

@Article{SelleRF:2005,
	Address = {{New York, NY, USA}},
	Doi = {{http://doi.acm.org/10.1145/1073204.1073282}},
	Issn = {{0730-0301}},
	Old_key = {{SRF05}},
	Owner = {{nathan}},
	Publisher = {{ACM}},
	Timestamp = {{2016.10.31}},
	author = {Selle, A. and Rasmussen, N. and Fedkiw, R.},
	title = {{A vortex particle method for smoke, water and explosions}},
	journal = {{ACM Trans. Graph.}},
	volume = {24},
	number = {3},
	pages = {910-914},
	year = {2005},
}

@InProceedings{SelleRF:2005b,
	Acmid = {{1073282}},
	Doi = {{10.1145/1186822.1073282}},
	Keywords = {{explosions, fluids, smoke, vortex methods, water}},
	Location = {{Los Angeles, California}},
	__markedentry = {{[nathan:]}},
	Numpages = {{5}},
	Old_key = {{Selle:2005:VortexParticle}},
	Owner = {{nathan}},
	Series = {{SIGGRAPH ’05}},
	Timestamp = {{2016.10.31}},
	Url = {{http://doi.acm.org/10.1145/1186822.1073282}},
	author = {Selle, Andrew and Rasmussen, Nick and Fedkiw, Ronald},
	title = {{A Vortex Particle Method for Smoke, Water and Explosions}},
	pages = {910-914},
	year = {2005},
}

@Article{SetalABS:2014,
	__markedentry = {{[nathan:]}},
	Old_key = {{Setaluri:2014:SSP}},
	Owner = {{nathan}},
	Timestamp = {{2016.10.31}},
	author = {Setaluri, Rajsekhar and Aanjaneya, Mridul and Bauer, Sean and Sifakis, Eftychios},
	title = {{SPGrid: A Sparse Paged Grid Structure Applied to Adaptive Smoke Simulation}},
	journal = {{ACM Trans. Graph.}},
	volume = {33},
	number = {6},
	pages = {205-1},
	year = {2014},
}

@Article{Sethi:1998,
	Old_key = {{Sethian98fastmarching}},
	Owner = {{nathan}},
	Timestamp = {{2016.08.09}},
	author = {Sethian, James A.},
	title = {{Fast Marching Methods}},
	journal = {{SIAM Review}},
	volume = {41},
	pages = {199-235},
	year = {1998},
}

@Article{SethiV:2000,
	Old_key = {{sethian2000fast}},
	Owner = {{nathan}},
	Publisher = {{National Acad Sciences}},
	Timestamp = {{2016.08.09}},
	author = {Sethian, James A. and Vladimirsky, Alexander},
	title = {{Fast methods for the Eikonal and related Hamilton–Jacobi equations on unstructured meshes}},
	journal = {{Proceedings of the National Academy of Sciences}},
	volume = {97},
	number = {11},
	pages = {5699-5703},
	year = {2000},
}

@Article{ShiYBF:2006,
	Address = {{New York, NY, USA}},
	Doi = {{http://doi.acm.org/10.1145/1141911.1142001}},
	Issn = {{0730-0301}},
	Old_key = {{SYBF06}},
	Owner = {{nathan}},
	Publisher = {{ACM}},
	Timestamp = {{2016.10.31}},
	author = {Shi, L. and Yu, Y. and Bell, N. and Feng, W.},
	title = {{A fast multigrid algorithm for mesh deformation}},
	journal = {{ACM Trans. Graph.}},
	volume = {25},
	number = {3},
	pages = {1108-1117},
	year = {2006},
}

@Article{ShiYBF:2006b,
	Old_key = {{shi:2006:multigrid}},
	Owner = {{nathan}},
	Timestamp = {{2016.10.31}},
	author = {Shi, L. and Yu, Y. and Bell, N. and Feng, W. W.},
	title = {{A fast multigrid algorithm for mesh deformation}},
	journal = {{ACM Trans. Graph. (SIGGRAPH Proc.)}},
	pages = {1108-1117},
	year = {2006},
}

@Misc{SifakB:2012b,
	Old_key = {{sifakis2012femdefo}},
	Url = {{http://femdefo.org}},
	author = {Sifakis, E. and Barbič, J.},
	title = {{FEM Simulation of 3D Deformable Solids: A Practitioner’s Guide to Theory, Discretization, and Model Reduction}},
	year = {2012},
}

@InProceedings{SifakB:2012,
	Acmid = {{2343501}},
	Articleno = {{20}},
	BookTitle = {{ACM SIG. 2012 Courses}},
	Doi = {{10.1145/2343483.2343501}},
	Isbn = {{978-1-4503-1678-1}},
	Location = {{Los Angeles, California}},
	__markedentry = {{[nathan:6]}},
	Numpages = {{50}},
	Old_key = {{Sifakis:2012:FSD:2343483.2343501}},
	Owner = {{nathan}},
	Publisher = {{ACM}},
	Series = {{SIGGRAPH ’12}},
	Timestamp = {{2016.10.31}},
	author = {Sifakis, Eftychios and Barbic, Jernej},
	title = {{ FEM Simulation of 3D Deformable Solids: A Practitioner’s Guide to Theory, Discretization and Model Reduction}},
	pages = {20-1},
	year = {2012},
}

@InProceedings{SifakB:2012c,
	BookTitle = {{ACM SIGGRAPH 2012 Courses}},
	__markedentry = {{[nathan:]}},
	Old_key = {{Sifakis:2012:FemDEFO}},
	Owner = {{nathan}},
	Series = {{SIGGRAPH ’12}},
	Timestamp = {{2016.10.31}},
	author = {Sifakis, Eftychios and Barbic, Jernej},
	title = {{FEM Simulation of 3D Deformable Solids: A Practitioner’s Guide to Theory, Discretization and Model Reduction}},
	year = {2012},
}

@InProceedings{SifakDF:2007,
	Acmid = {{1272701}},
	Isbn = {{978-1-59593-624-0}},
	Location = {{San Diego, California}},
	__markedentry = {{[nathan:6]}},
	Numpages = {{8}},
	Old_key = {{sifakis:2007:arbitrarycutting}},
	Owner = {{nathan}},
	Publisher = {{Eurographics Association}},
	Series = {{SCA ’07}},
	Timestamp = {{2016.10.31}},
	Url = {{http://dl.acm.org/citation.cfm?id=1272690.1272701}},
	author = {Sifakis, Eftychios and Der, Kevin G. and Fedkiw, Ronald},
	title = {{Arbitrary Cutting of Deformable Tetrahedralized Objects}},
	pages = {73-80},
	year = {2007},
}

@Article{SifakNF:2005,
	Acmid = {{1073208}},
	Doi = {{10.1145/1073204.1073208}},
	Issn = {{0730-0301}},
	Issue_date = {{July 2005}},
	Keywords = {{facial animation, finite element method, muscles}},
	__markedentry = {{[nathan:6]}},
	Month = {{jul}},
	Numpages = {{9}},
	Old_key = {{Sifakis:2005:facialmuscle}},
	Owner = {{nathan}},
	Publisher = {{ACM}},
	Timestamp = {{2016.10.31}},
	author = {Sifakis, Eftychios and Neverov, Igor and Fedkiw, Ronald},
	title = {{Automatic Determination of Facial Muscle Activations from Sparse Motion Capture Marker Data}},
	journal = {{ACM Trans. Graph.}},
	volume = {24},
	number = {3},
	pages = {417-425},
	year = {2005},
}

@InProceedings{SifakSIF:2007,
	BookTitle = {{Proc. of ACM SIGGRAPH/Eurographics Symp. on Comput. Anim.}},
	Old_key = {{sifakis:2007:hybridsolids}},
	Owner = {{nathan}},
	Timestamp = {{2016.10.31}},
	author = {Sifakis, E. and Shinar, T. and Irving, G. and Fedkiw, R.},
	title = {{Hybrid Simulation of Deformable Solids}},
	pages = {81-90},
	year = {2007},
}

@Misc{SUSAC:2002--2014,
	__markedentry = {{[nathan:6]}},
	Old_key = {{simbionix:2014:lapmentor}},
	Owner = {{nathan}},
	Timestamp = {{2016.10.31}},
	Url = {{http://simbionix.com/simulators/lap-mentor}},
	author = {Corporation, Simbionix USA},
	title = {{Laparoscopic Simulator - LAP Mentor Simbionix}},
	year = {2002–2014},
}

@Misc{SUSAC:2002--2014b,
	__markedentry = {{[nathan:6]}},
	Old_key = {{simbionix:2014:gimentor}},
	Owner = {{nathan}},
	Timestamp = {{2016.10.31}},
	Url = {{http://simbionix.com/simulators/gi-bronch-gi-mentor}},
	author = {Corporation, Simbionix USA},
	title = {{Gastrointestinal Simulator - GI Mentor Simbionix}},
	year = {2002–2014},
}

@Misc{SUSAC:2002--2014c,
	Old_key = {{simbionix:2014:gimentor}},
	Owner = {{nathan}},
	Timestamp = {{2016.08.09}},
	Url = {{http://simbionix.com/simulators/gi-bronch-gi-mentor}},
	author = {Corporation, Simbionix USA},
	title = {{Gastrointestinal Simulator - GI Mentor Simbionix}},
	year = {2002–2014},
}

@Misc{SUSAC:2002--2014d,
	Old_key = {{simbionix:2014:lapmentor}},
	Owner = {{nathan}},
	Timestamp = {{2016.08.09}},
	Url = {{http://simbionix.com/simulators/lap-mentor}},
	author = {Corporation, Simbionix USA},
	title = {{Laparoscopic Simulator - LAP Mentor Simbionix}},
	year = {2002–2014},
}

@Misc{SUSAC:2002--2014e,
	Old_key = {{SUSAC2002–2014}},
	Owner = {{nathan}},
	Timestamp = {{2016.08.09}},
	Url = {{http://simbionix.com/simulators/lap-mentor}},
	author = {Corporation, Simbionix USA},
	title = {{Laparoscopic Simulator - LAP Mentor Simbionix}},
	year = {2002–2014},
}

@Misc{SUSAC:2002--2014f,
	Old_key = {{SUSAC2002–2014b}},
	Owner = {{nathan}},
	Timestamp = {{2016.08.09}},
	Url = {{http://simbionix.com/simulators/gi-bronch-gi-mentor}},
	author = {Corporation, Simbionix USA},
	title = {{Gastrointestinal Simulator - GI Mentor Simbionix}},
	year = {2002–2014},
}

@InProceedings{SinBH:2009,
	Acmid = {{1599502}},
	Doi = {{10.1145/1599470.1599502}},
	Isbn = {{978-1-60558-610-6}},
	Location = {{New Orleans, Louisiana}},
	__markedentry = {{[nathan:]}},
	Numpages = {{9}},
	Old_key = {{Sin:2009:PointBasedFlow}},
	Owner = {{nathan}},
	Series = {{SCA ’09}},
	Timestamp = {{2016.10.31}},
	Url = {{http://doi.acm.org/10.1145/1599470.1599502}},
	author = {Sin, Funshing and Bargteil, Adam and Hodgins, Jessica},
	title = {{A Point-based Method for Animating Incompressible Flow}},
	pages = {247-255},
	year = {2009},
}

@Article{SinSB:2013,
	Added-at = {{2013-02-26T00:00:00.000+0100}},
	Biburl = {{http://www.bibsonomy.org/bibtex/227ce16c5597864f0c82646413947348c/dblp}},
	Doi = {{10.1111/j.1467-8659.2012.03230.x}},
	Interhash = {{4e72859e81abb75a550ff334b52a066c}},
	Intrahash = {{27ce16c5597864f0c82646413947348c}},
	Keywords = {{dblp}},
	__markedentry = {{[nathan:6]}},
	Old_key = {{Sin:2013:Vega}},
	Owner = {{nathan}},
	Timestamp = {{2013-02-27T11:35:49.000+0100}},
	author = {Sin, Funshing and Schroeder, D. and Barbic, Jernej},
	title = {{Vega: Non-Linear FEM Deformable Object Simulator.}},
	journal = {{Comput. Graph. Forum}},
	volume = {32},
	number = {1},
	pages = {36-48},
	year = {2013},
}

@Article{SinghW:2005,
	Old_key = {{SW05}},
	Owner = {{nathan}},
	Timestamp = {{2016.10.31}},
	author = {Singh, K. and Williams, J.},
	title = {{A parallel fictitious domain multigrid preconditioner for the solution of Poisson’s equation in complex geometries}},
	journal = {{Comput. Meth. Appl. Mech. Eng.}},
	volume = {194},
	pages = {4845-4860},
	year = {2005},
}

@InProceedings{SloanRC:2001,
	Acmid = {{364382}},
	Doi = {{10.1145/364338.364382}},
	Isbn = {{1-58113-292-1}},
	Keywords = {{curves & surfaces, geometric modeling, human body simulation, interpolation, radial basis, shape blending}},
	Numpages = {{9}},
	Old_key = {{Sloan:2001:SE:364338.364382}},
	Owner = {{nathan}},
	Publisher = {{ACM}},
	Series = {{I3D ’01}},
	Timestamp = {{2016.08.09}},
	author = {Sloan, Peter-Pike J. and Rose, III, Charles F. and Cohen, Michael F.},
	title = {{Shape by Example}},
	pages = {135-143},
	year = {2001},
}

@Book{SmithBG:1996,
	Isbn = {{0-521-49589-X}},
	Old_key = {{Smith:1996:DDP:238150}},
	Owner = {{nathan}},
	Publisher = {{Cambridge University Press}},
	Timestamp = {{2016.08.09}},
	author = {Smith, Barry F. and Bjørstad, Petter E. and Gropp, William D.},
	title = {{Domain Decomposition: Parallel Multilevel Methods for Elliptic Partial Differential Equations}},
	year = {1996},
}

@InProceedings{SolenG:2011,
	Acmid = {{1964976}},
	Articleno = {{81}},
	Doi = {{10.1145/1964921.1964976}},
	Isbn = {{978-1-4503-0943-1}},
	Keywords = {{SPH, fluid simulation, level of detail, two-scale}},
	Location = {{Vancouver, British Columbia, Canada}},
	__markedentry = {{[nathan:]}},
	Numpages = {{8}},
	Old_key = {{Solenthaler:2011:TwoScaleParticle}},
	Owner = {{nathan}},
	Series = {{SIGGRAPH ’11}},
	Timestamp = {{2016.10.31}},
	Url = {{http://doi.acm.org/10.1145/1964921.1964976}},
	author = {Solenthaler, Barbara and Gross, Markus},
	title = {{Two-scale Particle Simulation}},
	pages = {81-1},
	year = {2011},
}

@Article{Stam:2002,
	__markedentry = {{[nathan:]}},
	Old_key = {{Stam:2002:SFS}},
	Owner = {{nathan}},
	Timestamp = {{2016.10.31}},
	author = {Stam, Jos},
	title = {{A Simple Fluid Solver Based on the FFT}},
	journal = {{J. Graph. Tools}},
	volume = {6},
	number = {2},
	pages = {43-52},
	year = {2002},
}

@InProceedings{Stam:1999,
	Acmid = {{311548}},
	Doi = {{10.1145/311535.311548}},
	Isbn = {{0-201-48560-5}},
	Keywords = {{Navier-Stokes, advected textures, animation of fluids, gaseous phenomena, implicit elliptic PDE solvers, interactive modeling, stable solvers}},
	__markedentry = {{[nathan:]}},
	Numpages = {{8}},
	Old_key = {{Stam:1999:StableFluids}},
	Owner = {{nathan}},
	Series = {{SIGGRAPH ’99}},
	Timestamp = {{2016.10.31}},
	Url = {{http://dx.doi.org/10.1145/311535.311548}},
	author = {Stam, Jos},
	title = {{Stable Fluids}},
	pages = {121-128},
	year = {1999},
}

@Article{SuedaKP:2008,
	Acmid = {{1360682}},
	Address = {{New York, NY, USA}},
	Articleno = {{83}},
	Doi = {{10.1145/1360612.1360682}},
	Issn = {{0730-0301}},
	Issue_date = {{August 2008}},
	Keywords = {{character animation, musculoskeletal simulation, secondary motion}},
	__markedentry = {{[nathan:6]}},
	Month = {{aug}},
	Numpages = {{8}},
	Old_key = {{Sueda:2008:Musculotendon}},
	Owner = {{nathan}},
	Publisher = {{ACM}},
	Timestamp = {{2016.10.31}},
	author = {Sueda, Shinjiro and Kaufman, Andrew and Pai, Dinesh K.},
	title = {{Musculotendon Simulation for Hand Animation}},
	journal = {{ACM Trans. Graph.}},
	volume = {27},
	number = {3},
	pages = {83-1},
	year = {2008},
}

@Article{SukumB:2000,
	Old_key = {{sukumar:2000:arbitrary}},
	author = {Sukumar, N. and Belytschko, T.},
	title = {{Arbitrary branched and intersecting cracks with the extended finite element method}},
	journal = {{Int. J. Numer. Meth. Engng}},
	volume = {48},
	pages = {-74},
	year = {2000},
}

@Article{SumneSP:2007,
	Acmid = {{1276478}},
	Articleno = {{80}},
	Doi = {{10.1145/1276377.1276478}},
	Issn = {{0730-0301}},
	Issue_date = {{July 2007}},
	Keywords = {{deformation, geometric modeling, shape editing}},
	__markedentry = {{[nathan:6]}},
	Month = {{jul}},
	Old_key = {{Sumner:2007:EDS:1276377.1276478}},
	Owner = {{nathan}},
	Publisher = {{ACM}},
	Timestamp = {{2016.10.31}},
	author = {Sumner, Robert W. and Schmid, Johannes and Pauly, Mark},
	title = {{Embedded Deformation for Shape Manipulation}},
	journal = {{ACM Trans. Graph.}},
	volume = {26},
	number = {3},
	year = {2007},
}

@Article{SussmABCHW:1999,
	Acmid = {{307375}},
	Address = {{San Diego, CA, USA}},
	Doi = {{10.1006/jcph.1998.6106}},
	Issn = {{0021-9991}},
	Issue_date = {{Jan. 1, 1999}},
	Keywords = {{adaptive mesh refinement, incompressible, level sets, two-phase flow}},
	__markedentry = {{[nathan:]}},
	Numpages = {{44}},
	Old_key = {{Sussman:1999:AdaptiveTwoPhaseFlow}},
	Owner = {{nathan}},
	Publisher = {{Academic Press Professional, Inc.}},
	Timestamp = {{2016.10.31}},
	Url = {{http://dx.doi.org/10.1006/jcph.1998.6106}},
	author = {Sussman, Mark and Almgren, Ann S. and Bell, John B. and Colella, Phillip and Howell, Louis H. and Welcome, Michael L.},
	title = {{An Adaptive Level Set Approach for Incompressible Two-phase Flows}},
	journal = {{J. Comput. Phys.}},
	volume = {148},
	number = {1},
	pages = {81-124},
	year = {1999},
}

@Article{SussmSO:1994,
	__markedentry = {{[nathan:]}},
	Old_key = {{Sussman:1994:levelsetincompressible}},
	Owner = {{nathan}},
	Timestamp = {{2016.10.31}},
	author = {Sussman, M. and Smereka, P. and Osher, S.},
	title = {{A Level Set Approach for Computing Solutions to Incompressible Two-Phase Flow}},
	journal = {{J. Comput. Phys.}},
	volume = {114},
	pages = {146-159},
	year = {1994},
}

@Article{TamstJM:2015,
	__markedentry = {{[nathan:]}},
	Old_key = {{Tamstorf:2015:SAM}},
	Owner = {{nathan}},
	Timestamp = {{2016.10.31}},
	author = {Tamstorf, Rasmus and Jones, Toby and McCormick, Stephen F.},
	title = {{Smoothed Aggregation Multigrid for Cloth Simulation}},
	journal = {{ACM Trans. Graph.}},
	volume = {34},
	number = {6},
	pages = {245-1},
	year = {2015},
}

@InProceedings{TanYZY:2008,
	BookTitle = {{SCA ’08 Posters}},
	__markedentry = {{[nathan:]}},
	Old_key = {{tan:2008:multilayer}},
	Owner = {{nathan}},
	Timestamp = {{2016.10.31}},
	author = {Tan, Jie and Yang, Xubo and Zhao, Xin and Yang, Zhanxin},
	title = {{Fluid Animation with Multi-layer Grids}},
	year = {2008},
}

@InProceedings{Tateb:1993,
	BookTitle = {{Proceedings of the Sixth Copper Mountain Conference on Multigrid Methods}},
	Old_key = {{T93}},
	Owner = {{nathan}},
	Publisher = {{NASA Conference Publication 3224}},
	Timestamp = {{2016.10.31}},
	author = {Tatebe, O.},
	title = {{The multigrid preconditioned conjugate gradient method}},
	pages = {621-634},
	year = {1993},
}

@Article{TengMDK:2015,
	__markedentry = {{[nathan:]}},
	Old_key = {{Teng:2015:SCF}},
	Owner = {{nathan}},
	Timestamp = {{2016.10.31}},
	author = {Teng, Yun and Meyer, Mark and DeRose, Tony and Kim, Theodore},
	title = {{Subspace Condensation: Full Space Adaptivity for Subspace Deformations}},
	journal = {{ACM Trans. Graph.}},
	volume = {34},
	number = {4},
	pages = {76-1},
	year = {2015},
}

@InProceedings{TeranBHF:2003,
	Acmid = {{846285}},
	Isbn = {{1-58113-659-5}},
	Location = {{San Diego, California}},
	__markedentry = {{[nathan:6]}},
	Numpages = {{7}},
	Old_key = {{Teran:2003:skeletalmuscle}},
	Owner = {{nathan}},
	Series = {{SCA ’03}},
	Timestamp = {{2016.10.31}},
	Url = {{http://dl.acm.org/citation.cfm?id=846276.846285}},
	author = {Teran, J. and Blemker, S. and Hing, V.  Ng Thow and Fedkiw, R.},
	title = {{Finite Volume Methods for the Simulation of Skeletal Muscle}},
	pages = {68-74},
	year = {2003},
}

@Article{TeranSBNLF:2005,
	__markedentry = {{[nathan:6]}},
	Old_key = {{teran:2005:visiblehuman}},
	Owner = {{nathan}},
	Publisher = {{IEEE}},
	Timestamp = {{2016.10.31}},
	author = {Teran, Joseph and Sifakis, Eftychios and Blemker, Silvia S. and Ng-Thow-Hing, Victor and Lau, Cynthia and Fedkiw, Ronald},
	title = {{Creating and Simulating Skeletal Muscle from the Visible Human Data Set}},
	journal = {{Visualization and Computer Graphics, IEEE Transactions on}},
	volume = {11},
	number = {3},
	pages = {317-328},
	year = {2005},
}

@Article{TeranSIF:2005,
	__markedentry = {{[nathan:6]}},
	Old_key = {{teran:2005:quasistatics}},
	Owner = {{nathan}},
	Timestamp = {{2016.10.31}},
	author = {Teran, J. and Sifakis, E. and Irving, G. and Fedkiw, R.},
	title = {{Robust Quasistatic Finite Elements and Flesh Simulation}},
	journal = {{Proc. of the 2005 ACM SIGGRAPH/Eurographics Symp. on Comput. Anim.}},
	pages = {181-190},
	year = {2005},
}

@InProceedings{TeranSIF:2005b,
	Author:corp = {{ACM}},
	BookTitle = {{Proceedings of the 2005 ACM SIGGRAPH/Eurographics symposium on Computer animation}},
	Old_key = {{teran2005robust}},
	author = {Teran, J. and Sifakis, E. and Irving, G. and Fedkiw, R.},
	title = {{Robust quasistatic finite elements and flesh simulation}},
	pages = {181-190},
	year = {2005},
}

@Article{TerzoF:1988,
	Acmid = {{378522}},
	Doi = {{10.1145/378456.378522}},
	Issn = {{0097-8930}},
	Issue_date = {{Aug. 1988}},
	Keywords = {{animation, deformation, dynamics, elasticity, modeling, simulation}},
	Month = {{jun}},
	Numpages = {{10}},
	Old_key = {{terzopoulos:1988:inelastic}},
	Owner = {{nathan}},
	Publisher = {{ACM}},
	Timestamp = {{2016.08.09}},
	author = {Terzopoulos, Demetri and Fleischer, Kurt},
	title = {{Modeling Inelastic Deformation: Viscolelasticity, Plasticity, Fracture}},
	journal = {{SIGGRAPH Comput. Graph.}},
	volume = {22},
	number = {4},
	pages = {269-278},
	year = {1988},
}

@Article{TerzoF:1988b,
	Old_key = {{terzopoulos:1988:deformable}},
	Owner = {{nathan}},
	Timestamp = {{2016.10.31}},
	author = {Terzopoulos, D. and Fleischer, K.},
	title = {{Deformable models}},
	journal = {{The Visual Computer}},
	volume = {4},
	number = {6},
	pages = {306-331},
	year = {1988},
}

@Article{TerzoPBF:1987,
	Old_key = {{terzopoulos:1987:elastic}},
	Owner = {{nathan}},
	Timestamp = {{2016.10.31}},
	author = {Terzopoulos, D. and Platt, J. and Barr, A. and Fleischer, K.},
	title = {{Elastically deformable models}},
	journal = {{Computer Graphics (Proc. SIGGRAPH 87)}},
	volume = {21},
	number = {4},
	pages = {205-214},
	year = {1987},
}

@Article{ThuerWGT:2010,
	__markedentry = {{[nathan:]}},
	Old_key = {{Thurey:2010:MAM}},
	Owner = {{nathan}},
	Timestamp = {{2016.10.31}},
	author = {Thürey, Nils and Wojtan, Chris and Gross, Markus and Turk, Greg},
	title = {{A Multiscale Approach to Mesh-based Surface Tension Flows}},
	journal = {{ACM Trans. Graph.}},
	volume = {29},
	number = {4},
	pages = {48-1},
	year = {2010},
}

@Article{ThomaPB:2007,
	Old_key = {{Thomaszewski:2007:cloth_parallel_multicore}},
	Owner = {{nathan}},
	Timestamp = {{2016.10.31}},
	author = {Thomaszewski, B. and Pabst, S. and Blochinger, W.},
	title = {{Exploiting Parallelism in Physically-Based Simulations on Multi-Core Processor Architectures}},
	journal = {{EG Symposium on Parallel Graphics and Visualization}},
	year = {2007},
}

@Book{TrottOS:2001,
	Old_key = {{trottenberg:2001:multigrid}},
	Owner = {{nathan}},
	Publisher = {{San Diego: Academic Press}},
	Timestamp = {{2016.10.31}},
	author = {Trottenberg, U. and Oosterlee, C. and Schuller, A.},
	title = {{Multigrid}},
	year = {2001},
}

@Book{TrottOS:2001b,
	__markedentry = {{[nathan:]}},
	Old_key = {{trottenberg:2001:multigrid}},
	Owner = {{nathan}},
	Publisher = {{Academic Press}},
	Timestamp = {{2016.10.31}},
	author = {Trottenberg, Ulrich and Oosterlee, Cornelius W. and Schuller, Anton},
	title = {{Multigrid}},
	year = {2001},
}

@Article{UnverT:1992,
	__markedentry = {{[nathan:]}},
	Old_key = {{unverdi:1992:fronttracking}},
	Owner = {{nathan}},
	Timestamp = {{2016.10.31}},
	author = {Unverdi, S. O. and Tryggvason, G.},
	title = {{A front-tracking method for viscous, incompressible, multifluid flows}},
	journal = {{J. Comput. Phys.}},
	volume = {100},
	pages = {25-37},
	year = {1992},
}

@Article{VaillBGCRWGP:2013,
	Acmid = {{2461960}},
	Articleno = {{125}},
	Doi = {{10.1145/2461912.2461960}},
	Issn = {{0730-0301}},
	Issue_date = {{July 2013}},
	Keywords = {{mesh deformation with contact, skinning}},
	__markedentry = {{[nathan:6]}},
	Month = {{jul}},
	Numpages = {{12}},
	Old_key = {{Vaillant:2013:ISR:2461912.2461960}},
	Owner = {{nathan}},
	Publisher = {{ACM}},
	Timestamp = {{2016.10.31}},
	author = {Vaillant, Rodolphe and Barthe, Loïc and Guennebaud, Gaël and Cani, Marie-Paule and Rohmer, Damien and Wyvill, Brian and Gourmel, Olivier and Paulin, Mathias},
	title = {{Implicit Skinning: Real-time Skin Deformation with Contact Modeling}},
	journal = {{ACM Trans. Graph.}},
	volume = {32},
	number = {4},
	pages = {125-1},
	year = {2013},
}

@Article{VaillGBWC:2014,
	Old_key = {{Vaillant:2014:RIT}},
	Owner = {{nathan}},
	Timestamp = {{2016.08.09}},
	author = {Vaillant, Rodolphe and Guennebaud, Gäel and Barthe, Loïc and Wyvill, Brian and Cani, Marie-Paule},
	title = {{Robust Iso-surface Tracking for Interactive Character Skinning}},
	journal = {{ACM TOG}},
	volume = {33},
	number = {6},
	pages = {189-1},
	year = {2014},
}

@InProceedings{VanJMA:2014,
	BookTitle = {{ACM SIGGRAPH 2014 Talks}},
	Old_key = {{VanOpstal:2014:LSS}},
	Owner = {{nathan}},
	Series = {{SIGGRAPH ’14}},
	Timestamp = {{2016.08.09}},
	author = {Van Opstal, Baptiste and Janin, Lucas and Museth, Ken and Aldén, Mihai},
	title = {{Large Scale Simulation and Surfacing of Water and Ice Effects in Dragons 2}},
	year = {2014},
}

@Article{WangFP:2012,
	__markedentry = {{[nathan:]}},
	Old_key = {{Wang:2012:AII}},
	Owner = {{nathan}},
	Timestamp = {{2016.10.31}},
	author = {Wang, Bin and Faure, François and Pai, Dinesh K.},
	title = {{Adaptive Image-based Intersection Volume}},
	journal = {{ACM Trans. Graph.}},
	volume = {31},
	number = {4},
	pages = {97-1},
	year = {2012},
}

@Article{Wang:2015,
	Acmid = {{2818063}},
	Address = {{New York, NY, USA}},
	Articleno = {{246}},
	Doi = {{10.1145/2816795.2818063}},
	Issn = {{0730-0301}},
	Issue_date = {{November 2015}},
	Keywords = {{chebyshev semi-iterative method, jacobi method, parallel computing, position-based dynamics, projective dynamics}},
	__markedentry = {{[nathan:6]}},
	Month = {{oct}},
	Numpages = {{9}},
	Old_key = {{Wang:2015:Chebyshev}},
	Owner = {{nathan}},
	Publisher = {{ACM}},
	Timestamp = {{2016.10.31}},
	author = {Wang, Huamin},
	title = {{A Chebyshev Semi-iterative Approach for Accelerating Projective and Position-based Dynamics}},
	journal = {{ACM Trans. Graph.}},
	volume = {34},
	number = {6},
	pages = {246-1},
	year = {2015},
}

@Article{WangMT:2005,
	Address = {{New York, NY, USA}},
	Doi = {{http://doi.acm.org/10.1145/1073204.1073284}},
	Issn = {{0730-0301}},
	Old_key = {{WMT05}},
	Owner = {{nathan}},
	Publisher = {{ACM}},
	Timestamp = {{2016.10.31}},
	author = {Wang, H. and Mucha, P. and Turk, G.},
	title = {{Water drops on surfaces}},
	journal = {{ACM Trans. Graph.}},
	volume = {24},
	number = {3},
	pages = {921-929},
	year = {2005},
}

@InProceedings{WangP:2002,
	Acmid = {{545283}},
	Doi = {{10.1145/545261.545283}},
	Isbn = {{1-58113-573-4}},
	Keywords = {{enveloping, skinning, surface deformation}},
	Location = {{San Antonio, Texas}},
	Numpages = {{10}},
	Old_key = {{Wang:2002:MEL:545261.545283}},
	Owner = {{nathan}},
	Publisher = {{ACM}},
	Series = {{SCA ’02}},
	Timestamp = {{2016.08.09}},
	author = {Wang, Xiaohuan Corina and Phillips, Cary},
	title = {{Multi-weight Enveloping: Least-squares Approximation Techniques for Skin Animation}},
	pages = {129-138},
	year = {2002},
}

@Article{WeberSLG:2007,
	__markedentry = {{[nathan:6]}},
	Old_key = {{Skinning:2007}},
	Owner = {{nathan}},
	Timestamp = {{2016.10.31}},
	author = {Weber, Ofir and Sorkine, Olga and Lipman, Yaron and Gotsman, Craig},
	title = {{Context-Aware Skeletal Shape Deformation}},
	journal = {{Computer Graphics Forum (Proceedings of Eurographics)}},
	volume = {26},
	number = {3},
	year = {2007},
}

@InProceedings{WickeBG:2007,
	Author:corp = {{Wiley Online Library}},
	BookTitle = {{Computer Graphics Forum}},
	__markedentry = {{[nathan:6]}},
	Old_key = {{wicke:2007:finite}},
	Owner = {{nathan}},
	Timestamp = {{2016.10.31}},
	author = {Wicke, Martin and Botsch, Mario and Gross, Markus},
	title = {{A finite element method on convex polyhedra}},
	volume = {26},
	number = {3},
	pages = {355-364},
	year = {2007},
}

@Article{WickeST:2009,
	Address = {{New York, NY, USA}},
	Doi = {{http://doi.acm.org/10.1145/1531326.1531345}},
	Issn = {{0730-0301}},
	Old_key = {{WST09}},
	Owner = {{nathan}},
	Publisher = {{ACM}},
	Timestamp = {{2016.10.31}},
	author = {Wicke, M. and Stanton, M. and Treuille, A.},
	title = {{Modular bases for fluid dynamics}},
	journal = {{ACM Trans. Graph.}},
	volume = {28},
	number = {3},
	pages = {1-8},
	year = {2009},
}

@Article{WojtaTGT:2010,
	Old_key = {{Wojtan:2010:PTTF}},
	Owner = {{nathan}},
	Timestamp = {{2016.08.09}},
	author = {Wojtan, Chris and Thürey, Nils and Gross, Markus and Turk, Greg},
	title = {{Physics-inspired topology changes for thin fluid features}},
	journal = {{ACM Trans. Graph.}},
	volume = {29},
	number = {4},
	pages = {1-8},
	year = {2010},
}

@Article{WojtaT:2008,
	Acmid = {{1360646}},
	Articleno = {{47}},
	Doi = {{10.1145/1360612.1360646}},
	Issn = {{0730-0301}},
	Issue_date = {{August 2008}},
	Keywords = {{computational fluid dynamics, deformable models, explicit surface, finite element method, free-form deformation, viscoelastic behavior}},
	Month = {{aug}},
	Numpages = {{8}},
	Old_key = {{wojtan:2008:viscoelastic}},
	Owner = {{nathan}},
	Publisher = {{ACM}},
	Timestamp = {{2016.08.09}},
	author = {Wojtan, Chris and Turk, Greg},
	title = {{Fast Viscoelastic Behavior with Thin Features}},
	journal = {{ACM Trans. Graph.}},
	volume = {27},
	number = {3},
	pages = {47-1},
	year = {2008},
}

@InProceedings{WojtaT:2008b,
	Author:corp = {{ACM}},
	BookTitle = {{ACM Transactions on Graphics (SIGGRAPH Proc.)}},
	Old_key = {{wojtan2008fast}},
	author = {Wojtan, C. and Turk, G.},
	title = {{Fast viscoelastic behavior with thin features}},
	volume = {27},
	number = {3},
	pages = {47},
	year = {2008},
}

@Article{WuDW:2016,
	__markedentry = {{[nathan:]}},
	Old_key = {{Wu:2016:SHT}},
	Owner = {{nathan}},
	Timestamp = {{2016.10.31}},
	author = {Wu, Jun and Dick, Christian and Westermann, Rudiger},
	title = {{A System for High-Resolution Topology Optimization}},
	journal = {{IEEE Transactions on Visualization and Computer Graphics}},
	volume = {22},
	number = {3},
	pages = {1195-1208},
	year = {2016},
}

@Article{WuMW:2015,
	__markedentry = {{[nathan:]}},
	Old_key = {{Wu:2015:UAS}},
	Owner = {{nathan}},
	Timestamp = {{2016.10.31}},
	author = {Wu, Xiaofeng and Mukherjee, Rajaditya and Wang, Huamin},
	title = {{A Unified Approach for Subspace Simulation of Deformable Bodies in Multiple Domains}},
	journal = {{ACM Trans. Graph.}},
	volume = {34},
	number = {6},
	pages = {241-1},
	year = {2015},
}

@InProceedings{WuT:2004,
	BookTitle = {{International Symposium on Medical Simulation (2004). c○ Association for Computing Machinery, Inc}},
	Old_key = {{wu:2004:multigrid}},
	Owner = {{nathan}},
	Timestamp = {{2016.10.31}},
	author = {Wu, Xunlei and Tendick, Frank},
	title = {{Multigrid integration for interactive deformable body simulation}},
	pages = {92-104},
	year = {2004},
}

@MastersThesis{Yee:2000,
	Old_key = {{yee:2000:SSA}},
	School = {{Cornell University}},
	author = {Yee, Yang Li Hector},
	title = {{Spatiotemporal sensistivity and visual attention for efficient rendering of dynamic environments}},
	year = {2000},
}

@Article{YuanYW:2012,
	__markedentry = {{[nathan:]}},
	Old_key = {{Yuan:2012:OMI}},
	Owner = {{nathan}},
	Timestamp = {{2016.10.31}},
	author = {Yuan, Zhan and Yu, Yizhou and Wang, Wenping},
	title = {{Object-space Multiphase Implicit Functions}},
	journal = {{ACM TOG}},
	volume = {31},
	number = {4},
	pages = {114-1},
	year = {2012},
}

@Article{ZhangB:2014,
	__markedentry = {{[nathan:]}},
	Old_key = {{Zhang:2014:PFS}},
	Owner = {{nathan}},
	Timestamp = {{2016.10.31}},
	author = {Zhang, Xinxin and Bridson, Robert},
	title = {{A PPPM Fast Summation Method for Fluids and Beyond}},
	journal = {{ACM Trans. Graph.}},
	volume = {33},
	number = {6},
	pages = {206-1},
	year = {2014},
}

@Article{Zhao:2004,
	Old_key = {{Z04}},
	Owner = {{nathan}},
	Timestamp = {{2016.10.31}},
	author = {Zhao, Hongkai},
	title = {{A Fast Sweeping Method for the Eikonal Equation}},
	journal = {{Math. Comp.}},
	volume = {74},
	number = {250},
	pages = {603-627},
	year = {2004},
}

@InProceedings{ZhaoOF:2001,
	__markedentry = {{[nathan:]}},
	Old_key = {{Zhao:2001:FSR}},
	Owner = {{nathan}},
	Series = {{VLSM ’01}},
	Timestamp = {{2016.10.31}},
	author = {Zhao, Hong-Kai and Osher, Stanley and Fedkiw, Ronald},
	title = {{Fast Surface Reconstruction Using the Level Set Method}},
	pages = {194-202},
	year = {2001},
}

@Article{ZhaoB:2013,
	Old_key = {{Zhao:2013:IAO}},
	Owner = {{nathan}},
	Timestamp = {{2016.08.09}},
	author = {Zhao, Yili and Barbič, Jernej},
	title = {{Interactive Authoring of Simulation-Ready Plants}},
	journal = {{ACM Trans. on Graphics (SIGGRAPH 2013)}},
	volume = {32},
	number = {4},
	pages = {84-1},
	year = {2013},
}

@InProceedings{ZhengYP:2006,
	__markedentry = {{[nathan:]}},
	Old_key = {{Zheng:2006:SB}},
	Owner = {{nathan}},
	Series = {{SCA ’06}},
	Timestamp = {{2016.10.31}},
	author = {Zheng, Wen and Yong, Jun-Hai and Paul, Jean-Claude},
	title = {{Simulation of Bubbles}},
	pages = {325-333},
	year = {2006},
}

@Article{ZhuLCKF:2013,
	Acmid = {{2461999}},
	Address = {{New York, NY, USA}},
	Articleno = {{63}},
	Doi = {{10.1145/2461912.2461999}},
	Issn = {{0730-0301}},
	Issue_date = {{July 2013}},
	Keywords = {{boundary conditions, fluid simulation, grids}},
	Numpages = {{12}},
	Old_key = {{Zhu:2013:DomainExtension}},
	Owner = {{nathan}},
	Publisher = {{ACM}},
	Timestamp = {{2016.08.09}},
	Url = {{http://doi.acm.org/10.1145/2461912.2461999}},
	author = {Zhu, Bo and Lu, Wenlong and Cong, Matthew and Kim, Byungmoon and Fedkiw, Ronald},
	title = {{A New Grid Structure for Domain Extension}},
	journal = {{ACM Trans. Graph.}},
	volume = {32},
	number = {4},
	pages = {63-1},
	year = {2013},
}

@Article{ZhuQCSF:2014,
	__markedentry = {{[nathan:]}},
	Old_key = {{Zhu:2014:CST}},
	Owner = {{nathan}},
	Timestamp = {{2016.10.31}},
	author = {Zhu, Bo and Quigley, Ed and Cong, Matthew and Solomon, Justin and Fedkiw, Ronald},
	title = {{Codimensional Surface Tension Flow on Simplicial Complexes}},
	journal = {{ACM Trans. Graph.}},
	volume = {33},
	number = {4},
	pages = {111-1},
	year = {2014},
}

@Article{ZhuYF:2010,
	Old_key = {{Zhu:2010:CPVDS}},
	Owner = {{nathan}},
	Publisher = {{The Eurographics Association and Blackwell Publishing Ltd}},
	Timestamp = {{2016.08.09}},
	author = {Zhu, Bo and Yang, Xubo and Fan, Ye},
	title = {{Creating and Preserving Vortical Details in SPH Fluid}},
	journal = {{Computer Graphics Forum}},
	year = {2010},
}

@Article{ZhuB:2005,
	Address = {{New York, NY, USA}},
	Doi = {{http://doi.acm.org/10.1145/1073204.1073298}},
	Issn = {{0730-0301}},
	Old_key = {{ZB05}},
	Owner = {{nathan}},
	Publisher = {{ACM}},
	Timestamp = {{2016.10.31}},
	author = {Zhu, Y. and Bridson, R.},
	title = {{Animating sand as a fluid}},
	journal = {{ACM Trans. Graph.}},
	volume = {24},
	number = {3},
	pages = {965-972},
	year = {2005},
}

@InProceedings{ZhuB:2005b,
	Acmid = {{1073298}},
	Doi = {{10.1145/1186822.1073298}},
	Keywords = {{animation, physical simulation, sand, water}},
	Location = {{Los Angeles, California}},
	__markedentry = {{[nathan:]}},
	Numpages = {{8}},
	Old_key = {{Zhu:2005:Sand}},
	Owner = {{nathan}},
	Series = {{SIGGRAPH ’05}},
	Timestamp = {{2016.10.31}},
	Url = {{http://doi.acm.org/10.1145/1186822.1073298}},
	author = {Zhu, Yongning and Bridson, Robert},
	title = {{Animating Sand As a Fluid}},
	pages = {965-972},
	year = {2005},
}

@Article{ZhuSTB:2010,
	Acmid = {{1731054}},
	Articleno = {{16}},
	Doi = {{10.1145/1731047.1731054}},
	Issn = {{0730-0301}},
	Issue_date = {{March 2010}},
	Keywords = {{Deformable models, corotational linear elasticity, near-incompressible solids, parallel simulation}},
	Month = {{apr}},
	Numpages = {{18}},
	Old_key = {{zhu:2010:multigrid}},
	Owner = {{nathan}},
	Publisher = {{ACM}},
	Timestamp = {{2016.08.09}},
	author = {Zhu, Yongning and Sifakis, Eftychios and Teran, Joseph and Brandt, Achi},
	title = {{An Efficient Multigrid Method for the Simulation of High-resolution Elastic Solids}},
	journal = {{ACM Trans. Graph.}},
	volume = {29},
	number = {2},
	pages = {16-1},
	year = {2010},
}

@Article{ZhuSTB:2010b,
	Old_key = {{zhu2010efficient}},
	Publisher = {{ACM}},
	author = {Zhu, Y. and Sifakis, E. and Teran, J. and Brandt, A.},
	title = {{An efficient multigrid method for the simulation of high-resolution elastic solids}},
	journal = {{ACM Transactions on Graphics (TOG)}},
	volume = {29},
	number = {2},
	pages = {16},
	year = {2010},
}

@Article{pmid19387334,
	Month = {{May}},
	author = {Bell, R. H. and Biester, T. W. and Tabuenca, A. and Rhodes, R. S. and Cofer, J. B. and Britt, L. D. and Lewis, F. R.},
	title = {{Operative experience of residents in US general surgery programs: a gap between expectation and experience}},
	journal = {{Ann. Surg.}},
	volume = {249},
	number = {5},
	pages = {719-724},
	year = {2009},
}

